1812 3088
623 80 876 118 Aktenstiicke
900 76 1017 117 XV1*.
1478 86 1530 126 32
1541 86 1558 124 1

75 199 208 244 quibus
240 199 458 235 sufficientes
487 198 622 233 adsunt
646 197 881 242 dispensandi
913 195 1093 238 rationes,
1127 197 1165 231 et
1198 195 1238 230 in
1270 197 1403 241 quibus
1439 199 1566 243 postea

73 257 241 302 equidem
276 258 352 294 fere
385 268 523 302 semper
559 257 675 291 altera
701 256 759 291 vel
795 254 908 290 tertia
941 254 1092 290 offertur
1125 254 1308 299 supplica,
1345 267 1389 291 ac
1421 256 1568 291 demum

74 315 285 351 conceditur
309 314 549 360 dispensatio,
583 315 671 350 dum
704 313 845 350 interea
870 312 1044 357 temporis
1068 313 1177 357 plura
1202 313 1393 349 commissa
1418 314 1569 349 fuerunt

74 374 225 419 peccata
248 373 322 409 imo
345 384 623 416 nonnumquam
654 371 694 406 in
726 371 825 406 malo
850 370 951 405 statu
976 369 1213 404 obfirmatum
1241 372 1380 408 liabent
1403 371 1568 408 animum

74 432 255 475 oratores,
289 431 354 475 qui
375 431 455 476 jam
480 430 636 465 civiliter
662 429 934 470 contraxerunt,
967 439 1010 462 ac
1034 427 1158 463 forsan
1185 441 1310 466 vocem
1332 431 1484 475 parochi
1509 442 1567 467 eos

74 491 122 526 ad
146 489 413 535 poenitentiam
437 488 605 524 vocantis
631 487 759 523 audire
785 486 942 530 amplius
969 485 1111 539 nolunt:

167 547 204 583 C.
229 548 287 582 An
312 547 469 583 obtineri
500 558 573 582 non
598 546 712 590 possit
739 546 786 580 ab
809 544 884 579 illis
909 543 972 588 qui
997 544 1037 578 in
1062 544 1171 580 Curia
1203 557 1356 582 romana
1382 547 1566 592 dispensa-

72 605 233 641 tionibus
259 605 497 641 concedendis
530 616 680 649 operam
705 604 814 645 dant‚
850 603 894 637 ut
918 602 1094 647 majorem
1124 603 1288 647 aliquam
1319 604 1483 641 habeant
1508 617 1568 641 ra-

72 663 210 699 tionem
236 663 458 699 motivorum
483 674 575 707 quae
598 662 637 697 in
663 661 831 707 supplica
856 661 1068 705 allegantur
1093 660 1140 695 ab
1167 661 1379 705 Ordinadis,
1412 664 1475 707 qui
1499 675 1566 709 pro

72 721 235 757 locorum
259 722 297 757 et
322 732 446 756 rerum
463 720 648 766 adjunctis
666 720 793 764 utique
817 718 988 754 censendi
1013 720 1098 754 sunt
1123 721 1166 754 ut
1188 720 1308 755 minus
1334 721 1568 766 aliquatenus

71 779 291 826 intelligere,
319 780 409 825 quid
434 791 545 816 necne
570 779 733 815 fidelium
758 779 853 814 bono
879 777 1063 823 spirituali
1088 777 1269 823 expediat.
1309 779 1379 814 Res
1402 779 1566 817 illustra-

70 837 171 872 bitur
197 839 372 884 exemplo.
420 839 559 884 Magna
593 838 813 882 quandoque
846 849 928 872 cum
960 836 1178 872 difficultate
1211 836 1397 872 obtinetur
1423 838 1566 883 dispen-

72 896 167 933 satio
192 897 231 932 in
258 897 519 942 impedimento
545 896 740 932 affinitatis
756 894 866 940 primi
883 895 1020 940 gradus
1038 894 1199 938 aequalis
1215 894 1333 930 lineae
1348 896 1568 932 collateralis

75 956 157 990 orto
181 966 225 989 ex
250 954 416 999 legitimo
440 954 688 990 matrimonio.
738 953 831 989 Sunt
861 954 987 988 tamen
1019 952 1201 997 regiones,
1235 953 1314 988 loca
1346 955 1382 989 et
1413 954 1566 991 circum-

74 1012 233 1049 stantiae
265 1013 305 1048 in
337 1013 470 1057 quibus
503 1013 551 1048 ad
578 1012 770 1058 spirituale
801 1013 839 1047 et
870 1011 1073 1055 temporale
1099 1011 1287 1045 oratorum
1312 1011 1448 1048 bonum
1472 1012 1565 1047 nihil

70 1070 189 1116 magis
213 1072 431 1115 quandoque
457 1071 662 1116 optandum
687 1071 800 1111 esset,
836 1081 948 1113 quam
975 1072 1016 1104 ut
1042 1082 1076 1104 v.
1102 1081 1137 1113 g.
1164 1068 1313 1111 viduus,
1348 1070 1564 1114 praesertim

72 1128 102 1163 si
126 1140 200 1164 non
225 1128 273 1164 sit
298 1128 416 1171 dives,
451 1129 580 1164 ducere
614 1128 729 1173 possit
763 1126 959 1162 defunctae
990 1126 1114 1161 uxoris
1147 1137 1325 1169 sororem,
1362 1129 1428 1162 aut
1454 1128 1566 1165 vidua

70 1187 207 1223 nubere
232 1188 344 1232 queat
366 1186 477 1222 fratri
495 1186 660 1222 defuncti
675 1185 812 1221 mariti.
862 1184 954 1219 Dein
978 1183 1094 1218 nimia
1119 1183 1157 1218 in
1182 1184 1362 1227 ejusmodi
1380 1185 1566 1231 adjunctis

71 1245 306 1290 dispensandi
331 1244 563 1287 difficultate,
586 1245 698 1291 juxta
723 1245 847 1279 thema
872 1254 982 1288 supra
1003 1242 1219 1287 expositum,
1245 1242 1390 1278 nonnisi
1406 1245 1565 1289 peccatis

74 1315 166 1340 ansa
189 1304 397 1349 praebetur.

163 1362 207 1397 D.
231 1362 292 1397 An
315 1373 473 1405 aequum
499 1373 572 1397 non
597 1360 644 1395 sit
669 1362 722 1403 ut,
749 1360 937 1395 deficiente
963 1360 1093 1404 copula
1110 1359 1249 1394 carnali
1273 1360 1370 1395 inter
1391 1362 1566 1404 oratores,

73 1422 110 1456 et
136 1420 296 1465 periculo
321 1420 534 1455 contractus
559 1418 687 1461 civilis,
713 1419 907 1462 tamquam
933 1417 1115 1452 motivum
1139 1417 1329 1462 impellens
1355 1418 1402 1453 ad
1420 1418 1565 1462 dispen-

74 1478 256 1514 sationem
283 1479 561 1520 concedendam,
588 1477 812 1512 admittatur
836 1474 1019 1510 instantia
1043 1474 1181 1519 proprii
1207 1474 1404 1510 Ordinarii.

167 1536 290 1580 Atque
314 1537 406 1571 haec
431 1536 533 1571 dicta
558 1535 643 1578 sint,
670 1534 853 1570 neminem
879 1533 1053 1578 carpendi
1079 1533 1302 1575 intentione,
1337 1534 1398 1568 sed
1423 1534 1565 1570 animas

71 1594 246 1631 salvandi
269 1596 307 1630 et
331 1594 597 1630 malevolorum
622 1593 870 1629 oblocutiones
895 1591 1118 1637 impediendi
1143 1591 1332 1627 desiderio.

799 1709 843 1744 X.

163 1780 318 1826 Expleto
349 1780 509 1815 Concilio
544 1779 746 1821 Vaticano,
786 1778 1013 1814 committere
1050 1777 1140 1813 velit
1172 1778 1340 1813 SSmmus
1377 1778 1564 1822 Dominus,

69 1837 159 1873 viris
176 1838 215 1872 in
233 1837 345 1874 sacris
359 1837 568 1873 Canonibus
583 1837 750 1879 versatis,
769 1849 902 1872 munus
920 1836 1112 1882 redigendi
1128 1835 1318 1881 integrum
1334 1837 1563 1881 complexum

69 1897 193 1941 legum
220 1895 558 1938 ecclesiasticarum,
585 1896 624 1930 in
649 1907 786 1930 novum
813 1895 973 1930 codicem
998 1894 1199 1930 hodiernae
1223 1893 1331 1938 praxi
1361 1905 1562 1930 accommo-

71 1954 212 1996 datum,
245 1955 283 1989 et
307 1954 346 1988 in
371 1953 492 1989 varios
518 1953 664 1995 titulos,
699 1953 822 1998 capita
848 1954 915 1988 etc.
940 1965 1008 1998 pro
1031 1952 1273 1988 materiarum
1298 1952 1482 1988 varietate
1507 1953 1562 1988 di-

69 2011 282 2047 stributum.

162 2071 310 2113 Romae,
336 2071 392 2105 29.
417 2069 599 2112 Januarii,
625 2069 665 2104 in
690 2069 796 2104 Festo
821 2070 855 2104 S.
882 2068 1066 2104 Francisci
1092 2068 1231 2111 Salesii‚
1261 2070 1361 2104 1870.

163 2128 257 2163 Huic
282 2126 523 2172 postulationi
548 2126 839 2171 subscripserunt
864 2128 884 2161 5
910 2125 1061 2162 Concilii
1086 2125 1226 2161 Patres.

741 2289 885 2332 XV1*.

397 2381 688 2416 Eminentissimi
713 2383 751 2416 et
775 2380 1068 2417 reverendissimi
1093 2381 1238 2417 Patres!

162 2462 316 2497 SchoIae
332 2462 470 2498 mixtae
487 2464 524 2498 et
544 2462 725 2508 Conjugia
751 2463 869 2498 mixta
895 2463 934 2497 in
958 2462 1128 2497 manibus
1144 2462 1356 2507 iniquorum
1374 2463 1565 2500 hominum

70 2519 139 2554 hac
163 2521 291 2556 nostra
308 2521 520 2556 tristissima
547 2522 667 2556 aetate
692 2521 848 2557 totidem
875 2523 961 2556 sunt
977 2521 1109 2555 Martis
1133 2521 1381 2556 instrumenta
1407 2521 1465 2556 vel
1489 2522 1564 2557 bel-

68 2575 132 2610 lici
155 2577 305 2621 arietes,
339 2579 470 2623 quibus
499 2580 588 2614 duce
615 2578 755 2623 Spiritu
780 2590 938 2623 nequam
964 2590 1086 2614 arcem
1111 2578 1298 2624 religionis
1323 2580 1359 2614 et
1383 2579 1565 2615 Ecclesiae

70 2635 271 2671 catholicae
296 2636 429 2681 ubique
454 2639 641 2672 terrarum
667 2648 920 2681 conquassare,
947 2648 1098 2681 eamque
1120 2637 1159 2671 in
1177 2636 1504 2672 communitatibus
1529 2639 1566 2672 et

70 2691 219 2727 familiis
244 2694 469 2731 labefactare
493 2696 605 2740 atque
630 2695 775 2731 diruere
802 2695 1055 2731 connituntur.
1104 2695 1179 2731 Hoc
1203 2695 1282 2731 loco
1306 2695 1350 2731 de
1375 2695 1564 2731 matrimo-

71 2749 142 2784 niis
166 2750 292 2786 mixtis
317 2764 388 2798 ago
414 2754 481 2788 sub
506 2753 646 2799 triplici
671 2765 712 2790 eo
730 2756 934 2799 conspectu,
961 2765 1067 2798 quem
1085 2765 1210 2790 eorum
1226 2752 1402 2798 pericula,
1430 2764 1565 2799 genera

71 2808 108 2842 et
132 2809 294 2845 remedia
318 2811 503 2847 exhibent.

134 2877 200 2905 Fri
212 2886 228 2906 e
241 2880 258 2906 α
269 2880 288 2907 b
301 2887 317 2908 e
327 2888 385 2915 ις,
411 2881 640 2911 Aktenstuoke.
1244 2872 1286 2906 21
