<?xml version="1.0" encoding="UTF-8"?>
<!DOCTYPE html PUBLIC "-//W3C//DTD XHTML 1.0 Transitional//EN"
    "http://www.w3.org/TR/xhtml1/DTD/xhtml1-transitional.dtd">
<html xmlns="http://www.w3.org/1999/xhtml" xml:lang="en" lang="en">
 <head>
  <title>
</title>
<meta http-equiv="Content-Type" content="text/html;charset=utf-8" />
  <meta name='ocr-system' content='tesseract 3.04.00' />
  <meta name='ocr-capabilities' content='ocr_page ocr_carea ocr_par ocr_line ocrx_word'/>
</head>
<body>
  <div class='ocr_page' id='page_1' title='image "./aktenstuckediea00frie_0310.png"; bbox 0 0 1812 3088; ppageno 0'>
   <div class='ocr_carea' id='block_1_1' title="bbox 189 57 1051 105">
    <p class='ocr_par' dir='ltr' id='par_1_1' title="bbox 189 57 1051 105">
     <span class='ocr_line' id='line_1_1' title="bbox 189 57 1051 105; baseline -0.003 -10"><span class='ocrx_word' id='word_1_1' title='bbox 189 66 211 105; x_wconf 87' lang='lat'><strong>2</strong></span> <span class='ocrx_word' id='word_1_2' title='bbox 219 65 242 104; x_wconf 82' lang='grc'>9</span> <span class='ocrx_word' id='word_1_3' title='bbox 248 66 271 105; x_wconf 85' lang='grc'><strong>6</strong></span> <span class='ocrx_word' id='word_1_4' title='bbox 825 57 1051 103; x_wconf 77' lang='lat' dir='ltr'>Nachtr&#39;age.</span> 
     </span>
    </p>
   </div>
   <div class='ocr_carea' id='block_1_2' title="bbox 182 173 1688 273">
    <p class='ocr_par' dir='ltr' id='par_1_2' title="bbox 182 173 1688 273">
     <span class='ocr_line' id='line_1_2' title="bbox 182 173 1688 224; baseline 0.001 -10"><span class='ocrx_word' id='word_1_5' title='bbox 182 180 358 224; x_wconf 87' lang='lat' dir='ltr'>tempore,</span> <span class='ocrx_word' id='word_1_6' title='bbox 384 176 460 212; x_wconf 88' lang='lat' dir='ltr'>sive</span> <span class='ocrx_word' id='word_1_7' title='bbox 485 177 594 218; x_wconf 84' lang='lat' dir='ltr'>ante,</span> <span class='ocrx_word' id='word_1_8' title='bbox 632 175 707 210; x_wconf 90' lang='lat' dir='ltr'>sive</span> <span class='ocrx_word' id='word_1_9' title='bbox 743 175 827 220; x_wconf 89' lang='lat' dir='ltr'>post</span> <span class='ocrx_word' id='word_1_10' title='bbox 850 173 1076 217; x_wconf 83' lang='lat' dir='ltr'>Concilium,</span> <span class='ocrx_word' id='word_1_11' title='bbox 1112 174 1397 220; x_wconf 88' lang='lat' dir='ltr'>independentia</span> <span class='ocrx_word' id='word_1_12' title='bbox 1429 189 1577 223; x_wconf 88' lang='lat' dir='ltr'>prorsus</span> <span class='ocrx_word' id='word_1_13' title='bbox 1612 191 1688 217; x_wconf 84' lang='lat' dir='ltr'>esse</span> 
     </span>
     <span class='ocr_line' id='line_1_3' title="bbox 183 237 512 273; baseline -0.009 -1"><span class='ocrx_word' id='word_1_14' title='bbox 183 237 421 273; x_wconf 84' lang='lat' dir='ltr'>manifestum</span> <span class='ocrx_word' id='word_1_15' title='bbox 446 237 512 270; x_wconf 87' lang='lat' dir='ltr'>est.</span> 
     </span>
    </p>
   </div>
   <div class='ocr_carea' id='block_1_3' title="bbox 183 338 1690 444">
    <p class='ocr_par' dir='ltr' id='par_1_3' title="bbox 183 338 1690 444">
     <span class='ocr_line' id='line_1_4' title="bbox 183 338 1690 386; baseline 0.001 -10"><span class='ocrx_word' id='word_1_16' title='bbox 183 342 334 377; x_wconf 85' lang='lat' dir='ltr'>Indulta</span> <span class='ocrx_word' id='word_1_17' title='bbox 359 340 562 386; x_wconf 89' lang='lat' dir='ltr'>apostolica</span> <span class='ocrx_word' id='word_1_18' title='bbox 586 338 773 384; x_wconf 88' lang='lat' dir='ltr'>Episcopis</span> <span class='ocrx_word' id='word_1_19' title='bbox 806 350 870 384; x_wconf 87' lang='lat' dir='ltr'>per</span> <span class='ocrx_word' id='word_1_20' title='bbox 907 340 1028 375; x_wconf 89' lang='lat' dir='ltr'>totum</span> <span class='ocrx_word' id='word_1_21' title='bbox 1063 339 1294 385; x_wconf 73' lang='lat' dir='ltr'>episcopatus</span> <span class='ocrx_word' id='word_1_22' title='bbox 1318 340 1464 385; x_wconf 86' lang='lat' dir='ltr'>tempus</span> <span class='ocrx_word' id='word_1_23' title='bbox 1489 342 1690 377; x_wconf 86' lang='lat' dir='ltr'>necessaria</span> 
     </span>
     <span class='ocr_line' id='line_1_5' title="bbox 485 397 1386 444; baseline 0.001 -11"><span class='ocrx_word' id='word_1_24' title='bbox 485 410 553 444; x_wconf 91' lang='lat' dir='ltr'>pro</span> <span class='ocrx_word' id='word_1_25' title='bbox 577 399 657 434; x_wconf 89' lang='lat' dir='ltr'>toto</span> <span class='ocrx_word' id='word_1_26' title='bbox 682 397 912 443; x_wconf 71' lang='lat' dir='ltr'>episcopatus</span> <span class='ocrx_word' id='word_1_27' title='bbox 937 399 1101 443; x_wconf 89' lang='lat' dir='ltr'>tempore</span> <span class='ocrx_word' id='word_1_28' title='bbox 1127 399 1386 434; x_wconf 88' lang='lat' dir='ltr'>concedantur.</span> 
     </span>
    </p>
   </div>
   <div class='ocr_carea' id='block_1_4' title="bbox 182 479 1698 1456">
    <p class='ocr_par' dir='ltr' id='par_1_4' title="bbox 182 479 1695 1104">
     <span class='ocr_line' id='line_1_6' title="bbox 278 479 1691 528; baseline 0 -11"><span class='ocrx_word' id='word_1_29' title='bbox 278 483 428 517; x_wconf 85' lang='lat' dir='ltr'>ludulta</span> <span class='ocrx_word' id='word_1_30' title='bbox 453 480 639 526; x_wconf 88' lang='lat' dir='ltr'>Episcopis</span> <span class='ocrx_word' id='word_1_31' title='bbox 677 491 845 515; x_wconf 89' lang='lat' dir='ltr'>concessa</span> <span class='ocrx_word' id='word_1_32' title='bbox 880 491 947 524; x_wconf 91' lang='lat' dir='ltr'>pro</span> <span class='ocrx_word' id='word_1_33' title='bbox 972 479 1212 515; x_wconf 84' lang='lat' dir='ltr'>facultatibus</span> <span class='ocrx_word' id='word_1_34' title='bbox 1239 492 1333 524; x_wconf 85' lang='lat' dir='ltr'>quae</span> <span class='ocrx_word' id='word_1_35' title='bbox 1370 481 1479 527; x_wconf 83' lang='lat' dir='ltr'>hujus</span> <span class='ocrx_word' id='word_1_36' title='bbox 1519 482 1605 516; x_wconf 85' lang='lat' dir='ltr'>sunt</span> <span class='ocrx_word' id='word_1_37' title='bbox 1630 493 1691 528; x_wconf 87' lang='lat' dir='ltr'>ge-</span> 
     </span>
     <span class='ocr_line' id='line_1_7' title="bbox 184 537 1691 585; baseline -0.001 -8"><span class='ocrx_word' id='word_1_38' title='bbox 184 542 282 578; x_wconf 88' lang='lat' dir='ltr'>neris</span> <span class='ocrx_word' id='word_1_39' title='bbox 307 542 349 575; x_wconf 90' lang='lat' dir='ltr'>ut</span> <span class='ocrx_word' id='word_1_40' title='bbox 374 540 573 585; x_wconf 80' lang='lat' dir='ltr'>Episcopus</span> <span class='ocrx_word' id='word_1_41' title='bbox 599 538 644 573; x_wconf 89' lang='lat' dir='ltr'>iis</span> <span class='ocrx_word' id='word_1_42' title='bbox 669 538 809 583; x_wconf 84' lang='lat' dir='ltr'>pariter</span> <span class='ocrx_word' id='word_1_43' title='bbox 846 537 1012 582; x_wconf 82' lang='lat' dir='ltr'>indigere</span> <span class='ocrx_word' id='word_1_44' title='bbox 1037 548 1101 582; x_wconf 84' lang='lat' dir='ltr'>per</span> <span class='ocrx_word' id='word_1_45' title='bbox 1125 538 1247 573; x_wconf 87' lang='lat' dir='ltr'>totum</span> <span class='ocrx_word' id='word_1_46' title='bbox 1272 538 1523 584; x_wconf 86' lang='lat' dir='ltr'>episcopatum</span> <span class='ocrx_word' id='word_1_47' title='bbox 1549 539 1691 582; x_wconf 84' lang='lat' dir='ltr'>debeat,</span> 
     </span>
     <span class='ocr_line' id='line_1_8' title="bbox 183 596 1691 643; baseline -0.003 -6"><span class='ocrx_word' id='word_1_48' title='bbox 183 601 397 637; x_wconf 87' lang='lat' dir='ltr'>viderentur</span> <span class='ocrx_word' id='word_1_49' title='bbox 422 610 494 633; x_wconf 88' lang='lat' dir='ltr'>non</span> <span class='ocrx_word' id='word_1_50' title='bbox 522 597 771 633; x_wconf 78' lang='lat' dir='ltr'>concedendae</span> <span class='ocrx_word' id='word_1_51' title='bbox 797 596 844 631; x_wconf 87' lang='lat' dir='ltr'>ad</span> <span class='ocrx_word' id='word_1_52' title='bbox 867 597 1034 641; x_wconf 81' lang='lat' dir='ltr'>tempus,</span> <span class='ocrx_word' id='word_1_53' title='bbox 1076 597 1117 631; x_wconf 88' lang='lat' dir='ltr'>ut</span> <span class='ocrx_word' id='word_1_54' title='bbox 1142 608 1240 631; x_wconf 87' lang='lat' dir='ltr'>nunc</span> <span class='ocrx_word' id='word_1_55' title='bbox 1263 597 1315 640; x_wconf 87' lang='lat' dir='ltr'>fit,</span> <span class='ocrx_word' id='word_1_56' title='bbox 1344 609 1378 632; x_wconf 89' lang='lat' dir='ltr'>v.</span> <span class='ocrx_word' id='word_1_57' title='bbox 1405 609 1440 643; x_wconf 85' lang='lat' dir='ltr'>g.</span> <span class='ocrx_word' id='word_1_58' title='bbox 1467 598 1514 633; x_wconf 87' lang='lat' dir='ltr'>ad</span> <span class='ocrx_word' id='word_1_59' title='bbox 1539 610 1691 640; x_wconf 87' lang='lat' dir='ltr'>annum,</span> 
     </span>
     <span class='ocr_line' id='line_1_9' title="bbox 184 655 1693 702; baseline -0.003 -6"><span class='ocrx_word' id='word_1_60' title='bbox 184 661 242 696; x_wconf 90' lang='lat' dir='ltr'>vel</span> <span class='ocrx_word' id='word_1_61' title='bbox 268 660 316 694; x_wconf 91' lang='lat' dir='ltr'>ad</span> <span class='ocrx_word' id='word_1_62' title='bbox 340 659 435 700; x_wconf 83' lang='lat' dir='ltr'>tres,</span> <span class='ocrx_word' id='word_1_63' title='bbox 475 657 541 692; x_wconf 88' lang='lat' dir='ltr'>aut</span> <span class='ocrx_word' id='word_1_64' title='bbox 565 656 726 700; x_wconf 87' lang='lat' dir='ltr'>quinque</span> <span class='ocrx_word' id='word_1_65' title='bbox 753 667 891 698; x_wconf 80' lang='lat' dir='ltr'>annos,</span> <span class='ocrx_word' id='word_1_66' title='bbox 930 655 991 689; x_wconf 88' lang='lat' dir='ltr'>sed</span> <span class='ocrx_word' id='word_1_67' title='bbox 1024 656 1299 700; x_wconf 73' lang='lat' dir='ltr'>protendendae</span> <span class='ocrx_word' id='word_1_68' title='bbox 1337 657 1378 691; x_wconf 89' lang='lat' dir='ltr'>at</span> <span class='ocrx_word' id='word_1_69' title='bbox 1401 657 1524 692; x_wconf 86' lang='lat' dir='ltr'>toturn</span> <span class='ocrx_word' id='word_1_70' title='bbox 1548 657 1693 702; x_wconf 84' lang='lat' dir='ltr'>tempus</span> 
     </span>
     <span class='ocr_line' id='line_1_10' title="bbox 184 712 1693 764; baseline -0.003 -10"><span class='ocrx_word' id='word_1_71' title='bbox 184 717 435 764; x_wconf 70' lang='lat' dir='ltr'>episcopatus,</span> <span class='ocrx_word' id='word_1_72' title='bbox 478 715 589 758; x_wconf 87' lang='lat' dir='ltr'>idque</span> <span class='ocrx_word' id='word_1_73' title='bbox 625 714 777 758; x_wconf 89' lang='lat' dir='ltr'>propter</span> <span class='ocrx_word' id='word_1_74' title='bbox 804 712 988 757; x_wconf 85' lang='lat' dir='ltr'>duplicem</span> <span class='ocrx_word' id='word_1_75' title='bbox 1013 713 1110 747; x_wconf 83' lang='lat' dir='ltr'>hanc</span> <span class='ocrx_word' id='word_1_76' title='bbox 1133 713 1334 749; x_wconf 87' lang='lat' dir='ltr'>rationem:</span> <span class='ocrx_word' id='word_1_77' title='bbox 1375 715 1409 749; x_wconf 91' lang='lat'>1⁰</span> <span class='ocrx_word' id='word_1_78' title='bbox 1435 726 1480 749; x_wconf 90' lang='lat' dir='ltr'>ne</span> <span class='ocrx_word' id='word_1_79' title='bbox 1506 714 1693 760; x_wconf 85' lang='lat' dir='ltr'>Episcopis</span> 
     </span>
     <span class='ocr_line' id='line_1_11' title="bbox 182 771 1693 820; baseline -0.003 -8"><span class='ocrx_word' id='word_1_80' title='bbox 182 777 366 812; x_wconf 81' lang='lat' dir='ltr'>inutiliter</span> <span class='ocrx_word' id='word_1_81' title='bbox 391 774 605 820; x_wconf 87' lang='lat' dir='ltr'>imponatur</span> <span class='ocrx_word' id='word_1_82' title='bbox 630 771 800 807; x_wconf 89' lang='lat' dir='ltr'>molestia</span> <span class='ocrx_word' id='word_1_83' title='bbox 825 771 891 806; x_wconf 83' lang='lat' dir='ltr'>illa</span> <span class='ocrx_word' id='word_1_84' title='bbox 930 771 1079 816; x_wconf 88' lang='lat' dir='ltr'>petendi</span> <span class='ocrx_word' id='word_1_85' title='bbox 1103 772 1182 806; x_wconf 89' lang='lat' dir='ltr'>tam</span> <span class='ocrx_word' id='word_1_86' title='bbox 1208 772 1414 816; x_wconf 84' lang='lat' dir='ltr'>frequentes</span> <span class='ocrx_word' id='word_1_87' title='bbox 1437 772 1693 808; x_wconf 84' lang='lat' dir='ltr'>renovationes</span> 
     </span>
     <span class='ocr_line' id='line_1_12' title="bbox 182 830 1694 877; baseline -0.003 -6"><span class='ocrx_word' id='word_1_88' title='bbox 182 835 429 875; x_wconf 85' lang='lat' dir='ltr'>indultorum3</span> <span class='ocrx_word' id='word_1_89' title='bbox 457 833 492 867; x_wconf 76' lang='lat'>‘2⁰</span> <span class='ocrx_word' id='word_1_90' title='bbox 516 832 566 876; x_wconf 88' lang='lat' dir='ltr'>(et</span> <span class='ocrx_word' id='word_1_91' title='bbox 590 832 680 867; x_wconf 86' lang='lat' dir='ltr'>haec</span> <span class='ocrx_word' id='word_1_92' title='bbox 705 830 800 866; x_wconf 90' lang='lat' dir='ltr'>ratio</span> <span class='ocrx_word' id='word_1_93' title='bbox 826 831 880 865; x_wconf 87' lang='lat' dir='ltr'>est</span> <span class='ocrx_word' id='word_1_94' title='bbox 904 830 1117 876; x_wconf 87' lang='lat' dir='ltr'>praecipua)</span> <span class='ocrx_word' id='word_1_95' title='bbox 1142 843 1187 866; x_wconf 85' lang='lat' dir='ltr'>ne</span> <span class='ocrx_word' id='word_1_96' title='bbox 1212 833 1315 866; x_wconf 87' lang='lat' dir='ltr'>actus</span> <span class='ocrx_word' id='word_1_97' title='bbox 1340 831 1560 877; x_wconf 85' lang='lat' dir='ltr'>episcopales</span> <span class='ocrx_word' id='word_1_98' title='bbox 1584 831 1694 866; x_wconf 88' lang='lat' dir='ltr'>multi</span> 
     </span>
     <span class='ocr_line' id='line_1_13' title="bbox 184 888 1695 939; baseline -0.003 -10"><span class='ocrx_word' id='word_1_99' title='bbox 184 895 221 929; x_wconf 89' lang='lat' dir='ltr'>et</span> <span class='ocrx_word' id='word_1_100' title='bbox 247 891 476 939; x_wconf 85' lang='lat' dir='ltr'>gravissimi,</span> <span class='ocrx_word' id='word_1_101' title='bbox 513 903 545 925; x_wconf 85' lang='lat' dir='ltr'>v.</span> <span class='ocrx_word' id='word_1_102' title='bbox 580 902 615 935; x_wconf 86' lang='lat' dir='ltr'>g.</span> <span class='ocrx_word' id='word_1_103' title='bbox 641 888 943 934; x_wconf 81' lang='lat' dir='ltr'>dispensationes,</span> <span class='ocrx_word' id='word_1_104' title='bbox 971 888 1220 924; x_wconf 82' lang='lat' dir='ltr'>absolutiones</span> <span class='ocrx_word' id='word_1_105' title='bbox 1246 890 1334 932; x_wconf 85' lang='lat' dir='ltr'>etc.,</span> <span class='ocrx_word' id='word_1_106' title='bbox 1372 891 1602 935; x_wconf 82' lang='lat' dir='ltr'>exponantur</span> <span class='ocrx_word' id='word_1_107' title='bbox 1640 890 1695 926; x_wconf 88' lang='lat' dir='ltr'>fa-</span> 
     </span>
     <span class='ocr_line' id='line_1_14' title="bbox 186 948 1694 994; baseline -0.002 -7"><span class='ocrx_word' id='word_1_108' title='bbox 186 952 322 987; x_wconf 86' lang='lat' dir='ltr'>cillimo</span> <span class='ocrx_word' id='word_1_109' title='bbox 348 949 533 984; x_wconf 82' lang='lat' dir='ltr'>nullitatis</span> <span class='ocrx_word' id='word_1_110' title='bbox 556 948 739 993; x_wconf 84' lang='lat' dir='ltr'>periculo,</span> <span class='ocrx_word' id='word_1_111' title='bbox 780 948 888 990; x_wconf 89' lang='lat' dir='ltr'>dum,</span> <span class='ocrx_word' id='word_1_112' title='bbox 928 949 971 982; x_wconf 86' lang='lat' dir='ltr'>ut</span> <span class='ocrx_word' id='word_1_113' title='bbox 999 960 1070 983; x_wconf 89' lang='lat' dir='ltr'>non</span> <span class='ocrx_word' id='word_1_114' title='bbox 1097 960 1182 984; x_wconf 87' lang='lat' dir='ltr'>raro</span> <span class='ocrx_word' id='word_1_115' title='bbox 1208 949 1260 991; x_wconf 86' lang='lat' dir='ltr'>fit,</span> <span class='ocrx_word' id='word_1_116' title='bbox 1285 948 1483 994; x_wconf 84' lang='lat' dir='ltr'>Episcopus</span> <span class='ocrx_word' id='word_1_117' title='bbox 1521 949 1579 984; x_wconf 88' lang='lat' dir='ltr'>vel</span> <span class='ocrx_word' id='word_1_118' title='bbox 1615 948 1694 994; x_wconf 79' lang='lat' dir='ltr'>ejus</span> 
     </span>
     <span class='ocr_line' id='line_1_15' title="bbox 183 1006 1693 1052; baseline -0.003 -6"><span class='ocrx_word' id='word_1_119' title='bbox 183 1009 421 1046; x_wconf 86' lang='lat' dir='ltr'>cancellarius</span> <span class='ocrx_word' id='word_1_120' title='bbox 448 1007 553 1043; x_wconf 90' lang='lat' dir='ltr'>obliti</span> <span class='ocrx_word' id='word_1_121' title='bbox 578 1006 717 1043; x_wconf 87' lang='lat' dir='ltr'>fuerint</span> <span class='ocrx_word' id='word_1_122' title='bbox 742 1007 947 1051; x_wconf 88' lang='lat' dir='ltr'>postulare,</span> <span class='ocrx_word' id='word_1_123' title='bbox 976 1008 1150 1052; x_wconf 31' lang='lat' dir='ltr'>v‘tempore</span> <span class='ocrx_word' id='word_1_124' title='bbox 1175 1006 1372 1051; x_wconf 85' lang='lat' dir='ltr'>requisito,</span> <span class='ocrx_word' id='word_1_125' title='bbox 1415 1007 1693 1043; x_wconf 87' lang='lat' dir='ltr'>renovationem</span> 
     </span>
     <span class='ocr_line' id='line_1_16' title="bbox 185 1069 429 1104; baseline -0.012 0"><span class='ocrx_word' id='word_1_126' title='bbox 185 1069 414 1104; x_wconf 82' lang='lat' dir='ltr'>indultorum</span> <span class='ocrx_word' id='word_1_127' title='bbox 422 1093 429 1101; x_wconf 91' lang='lat'><strong>.</strong></span> 
     </span>
    </p>

    <p class='ocr_par' dir='ltr' id='par_1_5' title="bbox 186 1124 1698 1456">
     <span class='ocr_line' id='line_1_17' title="bbox 278 1124 1691 1170; baseline -0.002 -8"><span class='ocrx_word' id='word_1_128' title='bbox 278 1127 382 1162; x_wconf 89' lang='lat' dir='ltr'>Hanc</span> <span class='ocrx_word' id='word_1_129' title='bbox 407 1124 672 1170; x_wconf 77' lang='lat' dir='ltr'>obligationem</span> <span class='ocrx_word' id='word_1_130' title='bbox 698 1124 888 1160; x_wconf 89' lang='lat' dir='ltr'>obtinendi</span> <span class='ocrx_word' id='word_1_131' title='bbox 914 1136 978 1170; x_wconf 89' lang='lat' dir='ltr'>per</span> <span class='ocrx_word' id='word_1_132' title='bbox 1001 1125 1160 1167; x_wconf 86' lang='lat' dir='ltr'>indulta,</span> <span class='ocrx_word' id='word_1_133' title='bbox 1190 1124 1441 1160; x_wconf 84' lang='lat' dir='ltr'>indesinenter</span> <span class='ocrx_word' id='word_1_134' title='bbox 1466 1124 1691 1167; x_wconf 85' lang='lat' dir='ltr'>renovanda,</span> 
     </span>
     <span class='ocr_line' id='line_1_18' title="bbox 186 1182 1695 1228; baseline -0.003 -7"><span class='ocrx_word' id='word_1_135' title='bbox 186 1187 383 1222; x_wconf 87' lang='lat' dir='ltr'>facultates</span> <span class='ocrx_word' id='word_1_136' title='bbox 409 1185 457 1219; x_wconf 91' lang='lat' dir='ltr'>ad</span> <span class='ocrx_word' id='word_1_137' title='bbox 482 1185 619 1219; x_wconf 85' lang='lat' dir='ltr'>bonam</span> <span class='ocrx_word' id='word_1_138' title='bbox 643 1183 806 1219; x_wconf 85' lang='lat' dir='ltr'>muneris</span> <span class='ocrx_word' id='word_1_139' title='bbox 838 1183 976 1228; x_wconf 84' lang='lat' dir='ltr'>publici</span> <span class='ocrx_word' id='word_1_140' title='bbox 1002 1183 1251 1219; x_wconf 79' lang='lat' dir='ltr'>executionem</span> <span class='ocrx_word' id='word_1_141' title='bbox 1286 1183 1524 1226; x_wconf 84' lang='lat' dir='ltr'>necessarias,</span> <span class='ocrx_word' id='word_1_142' title='bbox 1551 1182 1695 1226; x_wconf 87' lang='lat' dir='ltr'>nullibi,</span> 
     </span>
     <span class='ocr_line' id='line_1_19' title="bbox 188 1242 1696 1290; baseline -0.001 -11"><span class='ocrx_word' id='word_1_143' title='bbox 188 1247 230 1280; x_wconf 87' lang='lat' dir='ltr'>ut</span> <span class='ocrx_word' id='word_1_144' title='bbox 257 1246 443 1290; x_wconf 85' lang='lat' dir='ltr'>putamus,</span> <span class='ocrx_word' id='word_1_145' title='bbox 481 1243 605 1278; x_wconf 88' lang='lat' dir='ltr'>videre</span> <span class='ocrx_word' id='word_1_146' title='bbox 632 1244 687 1277; x_wconf 89' lang='lat' dir='ltr'>est</span> <span class='ocrx_word' id='word_1_147' title='bbox 712 1242 782 1277; x_wconf 89' lang='lat' dir='ltr'>nisi</span> <span class='ocrx_word' id='word_1_148' title='bbox 806 1242 844 1277; x_wconf 90' lang='lat' dir='ltr'>in</span> <span class='ocrx_word' id='word_1_149' title='bbox 870 1242 1049 1288; x_wconf 83' lang='lat' dir='ltr'>regimine</span> <span class='ocrx_word' id='word_1_150' title='bbox 1075 1243 1336 1286; x_wconf 80' lang='lat' dir='ltr'>ecclesiastico,</span> <span class='ocrx_word' id='word_1_151' title='bbox 1363 1243 1460 1287; x_wconf 90' lang='lat' dir='ltr'>quod</span> <span class='ocrx_word' id='word_1_152' title='bbox 1484 1243 1609 1277; x_wconf 88' lang='lat' dir='ltr'>tamen</span> <span class='ocrx_word' id='word_1_153' title='bbox 1635 1242 1696 1277; x_wconf 89' lang='lat' dir='ltr'>de-</span> 
     </span>
     <span class='ocr_line' id='line_1_20' title="bbox 189 1300 1698 1346; baseline -0.001 -8"><span class='ocrx_word' id='word_1_154' title='bbox 189 1304 293 1340; x_wconf 86' lang='lat' dir='ltr'>beret</span> <span class='ocrx_word' id='word_1_155' title='bbox 329 1314 404 1338; x_wconf 73' lang='lat' dir='ltr'>esse</span> <span class='ocrx_word' id='word_1_156' title='bbox 441 1301 605 1337; x_wconf 88' lang='lat' dir='ltr'>omnium</span> <span class='ocrx_word' id='word_1_157' title='bbox 630 1300 856 1346; x_wconf 85' lang='lat' dir='ltr'>regiminum</span> <span class='ocrx_word' id='word_1_158' title='bbox 882 1301 1213 1346; x_wconf 86' lang='lat' dir='ltr'>simplicissimum,</span> <span class='ocrx_word' id='word_1_159' title='bbox 1253 1302 1289 1336; x_wconf 93' lang='lat' dir='ltr'>et</span> <span class='ocrx_word' id='word_1_160' title='bbox 1323 1301 1362 1336; x_wconf 88' lang='lat' dir='ltr'>in</span> <span class='ocrx_word' id='word_1_161' title='bbox 1400 1313 1470 1345; x_wconf 88' lang='lat' dir='ltr'>quo</span> <span class='ocrx_word' id='word_1_162' title='bbox 1505 1301 1698 1346; x_wconf 85' lang='lat' dir='ltr'>praeterea</span> 
     </span>
     <span class='ocr_line' id='line_1_21' title="bbox 188 1357 1698 1407; baseline -0.002 -10"><span class='ocrx_word' id='word_1_163' title='bbox 188 1362 357 1407; x_wconf 86' lang='lat' dir='ltr'>Episcopi</span> <span class='ocrx_word' id='word_1_164' title='bbox 374 1361 493 1396; x_wconf 86' lang='lat' dir='ltr'>locum</span> <span class='ocrx_word' id='word_1_165' title='bbox 511 1358 822 1404; x_wconf 76' lang='lat' dir='ltr'>praestantiorem</span> <span class='ocrx_word' id='word_1_166' title='bbox 842 1360 980 1401; x_wconf 84' lang='lat' dir='ltr'>tenent,</span> <span class='ocrx_word' id='word_1_167' title='bbox 1007 1371 1130 1403; x_wconf 89' lang='lat' dir='ltr'>quam,</span> <span class='ocrx_word' id='word_1_168' title='bbox 1155 1359 1193 1393; x_wconf 90' lang='lat' dir='ltr'>in</span> <span class='ocrx_word' id='word_1_169' title='bbox 1211 1358 1389 1404; x_wconf 85' lang='lat' dir='ltr'>regimine</span> <span class='ocrx_word' id='word_1_170' title='bbox 1406 1357 1566 1404; x_wconf 87' lang='lat' dir='ltr'>politico,</span> <span class='ocrx_word' id='word_1_171' title='bbox 1592 1369 1698 1403; x_wconf 86' lang='lat' dir='ltr'>prae-</span> 
     </span>
     <span class='ocr_line' id='line_1_22' title="bbox 188 1418 546 1456; baseline -0.011 0"><span class='ocrx_word' id='word_1_172' title='bbox 188 1420 273 1456; x_wconf 86' lang='lat' dir='ltr'>fecti</span> <span class='ocrx_word' id='word_1_173' title='bbox 298 1421 335 1456; x_wconf 89' lang='lat' dir='ltr'>et</span> <span class='ocrx_word' id='word_1_174' title='bbox 361 1418 546 1455; x_wconf 85' lang='lat' dir='ltr'>officiales.</span> 
     </span>
    </p>
   </div>
   <div class='ocr_carea' id='block_1_5' title="bbox 493 1512 1387 1558">
    <p class='ocr_par' dir='ltr' id='par_1_6' title="bbox 493 1512 1387 1558">
     <span class='ocr_line' id='line_1_23' title="bbox 493 1512 1387 1558; baseline -0.002 -10"><span class='ocrx_word' id='word_1_175' title='bbox 493 1514 545 1548; x_wconf 90' lang='lat' dir='ltr'>De</span> <span class='ocrx_word' id='word_1_176' title='bbox 571 1512 883 1558; x_wconf 89' lang='lat' dir='ltr'>Archiepiscopali</span> <span class='ocrx_word' id='word_1_177' title='bbox 911 1512 1123 1548; x_wconf 87' lang='lat' dir='ltr'>visitatione</span> <span class='ocrx_word' id='word_1_178' title='bbox 1148 1512 1387 1547; x_wconf 87' lang='lat' dir='ltr'>restituenda.</span> 
     </span>
    </p>
   </div>
   <div class='ocr_carea' id='block_1_6' title="bbox 189 1580 1700 1971">
    <p class='ocr_par' dir='ltr' id='par_1_7' title="bbox 189 1580 1699 1803">
     <span class='ocr_line' id='line_1_24' title="bbox 285 1580 1698 1628; baseline -0.003 -9"><span class='ocrx_word' id='word_1_179' title='bbox 285 1584 446 1627; x_wconf 79' lang='lat' dir='ltr'>Quilibet</span> <span class='ocrx_word' id='word_1_180' title='bbox 466 1582 769 1628; x_wconf 86' lang='lat' dir='ltr'>Archiepiscopus</span> <span class='ocrx_word' id='word_1_181' title='bbox 794 1582 937 1625; x_wconf 89' lang='lat' dir='ltr'>debeat,</span> <span class='ocrx_word' id='word_1_182' title='bbox 965 1581 1118 1627; x_wconf 85' lang='lat' dir='ltr'>singulis</span> <span class='ocrx_word' id='word_1_183' title='bbox 1145 1582 1275 1617; x_wconf 83' lang='lat' dir='ltr'>saltem</span> <span class='ocrx_word' id='word_1_184' title='bbox 1295 1580 1564 1626; x_wconf 85' lang='lat' dir='ltr'>quinquenniis,</span> <span class='ocrx_word' id='word_1_185' title='bbox 1591 1592 1698 1616; x_wconf 90' lang='lat' dir='ltr'>cunc-</span> 
     </span>
     <span class='ocr_line' id='line_1_25' title="bbox 189 1638 1699 1687; baseline -0.003 -10"><span class='ocrx_word' id='word_1_186' title='bbox 189 1644 246 1678; x_wconf 84' lang='lat' dir='ltr'>tas</span> <span class='ocrx_word' id='word_1_187' title='bbox 271 1644 447 1679; x_wconf 88' lang='lat' dir='ltr'>dioeceses</span> <span class='ocrx_word' id='word_1_188' title='bbox 472 1642 685 1687; x_wconf 88' lang='lat' dir='ltr'>provinciae</span> <span class='ocrx_word' id='word_1_189' title='bbox 712 1653 799 1676; x_wconf 87' lang='lat' dir='ltr'>suae</span> <span class='ocrx_word' id='word_1_190' title='bbox 822 1641 995 1682; x_wconf 78' lang='lat' dir='ltr'>visitare3</span> <span class='ocrx_word' id='word_1_191' title='bbox 1034 1640 1097 1675; x_wconf 89' lang='lat' dir='ltr'>ubi</span> <span class='ocrx_word' id='word_1_192' title='bbox 1136 1641 1179 1675; x_wconf 91' lang='lat' dir='ltr'>de</span> <span class='ocrx_word' id='word_1_193' title='bbox 1217 1640 1385 1676; x_wconf 88' lang='lat' dir='ltr'>omnibus</span> <span class='ocrx_word' id='word_1_194' title='bbox 1423 1640 1618 1686; x_wconf 86' lang='lat' dir='ltr'>diligenter</span> <span class='ocrx_word' id='word_1_195' title='bbox 1643 1638 1699 1674; x_wconf 89' lang='lat' dir='ltr'>in-</span> 
     </span>
     <span class='ocr_line' id='line_1_26' title="bbox 189 1697 1699 1745; baseline -0.003 -9"><span class='ocrx_word' id='word_1_196' title='bbox 189 1701 335 1745; x_wconf 80' lang='lat' dir='ltr'>quirat,</span> <span class='ocrx_word' id='word_1_197' title='bbox 372 1702 409 1736; x_wconf 95' lang='lat' dir='ltr'>et</span> <span class='ocrx_word' id='word_1_198' title='bbox 433 1712 526 1745; x_wconf 85' lang='lat' dir='ltr'>quae</span> <span class='ocrx_word' id='word_1_199' title='bbox 553 1699 771 1745; x_wconf 83' lang='lat' dir='ltr'>corrigenda</span> <span class='ocrx_word' id='word_1_200' title='bbox 796 1711 871 1735; x_wconf 87' lang='lat' dir='ltr'>esse</span> <span class='ocrx_word' id='word_1_201' title='bbox 896 1698 1139 1741; x_wconf 81' lang='lat' dir='ltr'>videbuntur,</span> <span class='ocrx_word' id='word_1_202' title='bbox 1173 1710 1238 1743; x_wconf 88' lang='lat' dir='ltr'>per</span> <span class='ocrx_word' id='word_1_203' title='bbox 1271 1710 1326 1741; x_wconf 87' lang='lat' dir='ltr'>se,</span> <span class='ocrx_word' id='word_1_204' title='bbox 1365 1699 1420 1734; x_wconf 88' lang='lat' dir='ltr'>vel</span> <span class='ocrx_word' id='word_1_205' title='bbox 1448 1697 1626 1734; x_wconf 85' lang='lat' dir='ltr'>relatione</span> <span class='ocrx_word' id='word_1_206' title='bbox 1651 1697 1699 1732; x_wconf 88' lang='lat' dir='ltr'>ad</span> 
     </span>
     <span class='ocr_line' id='line_1_27' title="bbox 190 1757 1424 1803; baseline -0.002 -9"><span class='ocrx_word' id='word_1_207' title='bbox 190 1761 399 1796; x_wconf 81' lang='lat' dir='ltr'>Romanum</span> <span class='ocrx_word' id='word_1_208' title='bbox 425 1759 637 1794; x_wconf 87' lang='lat' dir='ltr'>Pontificem</span> <span class='ocrx_word' id='word_1_209' title='bbox 662 1759 772 1800; x_wconf 84' lang='lat' dir='ltr'>sacta,</span> <span class='ocrx_word' id='word_1_210' title='bbox 800 1758 963 1803; x_wconf 84' lang='lat' dir='ltr'>corrigat</span> <span class='ocrx_word' id='word_1_211' title='bbox 989 1759 1055 1793; x_wconf 87' lang='lat' dir='ltr'>aut</span> <span class='ocrx_word' id='word_1_212' title='bbox 1080 1757 1217 1803; x_wconf 80' lang='lat' dir='ltr'>corrigi</span> <span class='ocrx_word' id='word_1_213' title='bbox 1242 1759 1424 1802; x_wconf 87' lang='lat' dir='ltr'>procuret.</span> 
     </span>
    </p>

    <p class='ocr_par' dir='ltr' id='par_1_8' title="bbox 191 1815 1700 1971">
     <span class='ocr_line' id='line_1_28' title="bbox 286 1815 1697 1865; baseline -0.001 -13"><span class='ocrx_word' id='word_1_214' title='bbox 286 1817 577 1865; x_wconf 76' lang='lat' dir='ltr'>Archidioeceses</span> <span class='ocrx_word' id='word_1_215' title='bbox 604 1818 749 1859; x_wconf 80' lang='lat' dir='ltr'>autem,</span> <span class='ocrx_word' id='word_1_216' title='bbox 788 1815 836 1850; x_wconf 87' lang='lat' dir='ltr'>ab</span> <span class='ocrx_word' id='word_1_217' title='bbox 862 1815 985 1860; x_wconf 87' lang='lat' dir='ltr'>aliquo</span> <span class='ocrx_word' id='word_1_218' title='bbox 1012 1815 1175 1860; x_wconf 88' lang='lat' dir='ltr'>ejusdem</span> <span class='ocrx_word' id='word_1_219' title='bbox 1214 1815 1375 1851; x_wconf 85' lang='lat' dir='ltr'>nationis</span> <span class='ocrx_word' id='word_1_220' title='bbox 1401 1815 1697 1861; x_wconf 84' lang='lat' dir='ltr'>Archiepiscopo,</span> 
     </span>
     <span class='ocr_line' id='line_1_29' title="bbox 191 1873 1700 1920; baseline -0.003 -7"><span class='ocrx_word' id='word_1_221' title='bbox 191 1890 213 1913; x_wconf 84' lang='lat' dir='ltr'>a</span> <span class='ocrx_word' id='word_1_222' title='bbox 240 1878 406 1912; x_wconf 85' lang='lat' dir='ltr'>Romano</span> <span class='ocrx_word' id='word_1_223' title='bbox 432 1876 609 1912; x_wconf 85' lang='lat' dir='ltr'>Pontifice</span> <span class='ocrx_word' id='word_1_224' title='bbox 647 1875 694 1910; x_wconf 88' lang='lat' dir='ltr'>ad</span> <span class='ocrx_word' id='word_1_225' title='bbox 720 1876 787 1910; x_wconf 90' lang='lat' dir='ltr'>hoc</span> <span class='ocrx_word' id='word_1_226' title='bbox 812 1874 1018 1920; x_wconf 80' lang='lat' dir='ltr'>specialiter</span> <span class='ocrx_word' id='word_1_227' title='bbox 1046 1874 1238 1919; x_wconf 81' lang='lat' dir='ltr'>delegato,</span> <span class='ocrx_word' id='word_1_228' title='bbox 1278 1874 1433 1920; x_wconf 83' lang='lat' dir='ltr'>singulis</span> <span class='ocrx_word' id='word_1_229' title='bbox 1471 1874 1602 1910; x_wconf 87' lang='lat' dir='ltr'>saltem</span> <span class='ocrx_word' id='word_1_230' title='bbox 1640 1873 1700 1909; x_wconf 88' lang='lat' dir='ltr'>de-</span> 
     </span>
     <span class='ocr_line' id='line_1_30' title="bbox 191 1933 565 1971; baseline -0.005 -1"><span class='ocrx_word' id='word_1_231' title='bbox 191 1935 331 1971; x_wconf 88' lang='lat' dir='ltr'>cenniis</span> <span class='ocrx_word' id='word_1_232' title='bbox 356 1933 565 1970; x_wconf 85' lang='lat' dir='ltr'>visitentur.</span> 
     </span>
    </p>
   </div>
   <div class='ocr_carea' id='block_1_7' title="bbox 193 2038 1701 2145">
    <p class='ocr_par' dir='ltr' id='par_1_9' title="bbox 193 2038 1701 2145">
     <span class='ocr_line' id='line_1_31' title="bbox 193 2038 1701 2087; baseline -0.001 -10"><span class='ocrx_word' id='word_1_233' title='bbox 193 2043 245 2079; x_wconf 85' lang='lat' dir='ltr'>De</span> <span class='ocrx_word' id='word_1_234' title='bbox 271 2042 584 2087; x_wconf 84' lang='lat' dir='ltr'>appellationibus</span> <span class='ocrx_word' id='word_1_235' title='bbox 610 2041 657 2076; x_wconf 89' lang='lat' dir='ltr'>ad</span> <span class='ocrx_word' id='word_1_236' title='bbox 684 2042 718 2076; x_wconf 78' lang='lat' dir='ltr'>S.</span> <span class='ocrx_word' id='word_1_237' title='bbox 744 2041 869 2076; x_wconf 77' lang='lat' dir='ltr'>Sedem</span> <span class='ocrx_word' id='word_1_238' title='bbox 896 2052 969 2076; x_wconf 90' lang='lat' dir='ltr'>non</span> <span class='ocrx_word' id='word_1_239' title='bbox 992 2039 1244 2081; x_wconf 82' lang='lat' dir='ltr'>admittendis,</span> <span class='ocrx_word' id='word_1_240' title='bbox 1271 2040 1404 2075; x_wconf 88' lang='lat' dir='ltr'>omisso</span> <span class='ocrx_word' id='word_1_241' title='bbox 1427 2038 1558 2080; x_wconf 90' lang='lat' dir='ltr'>medio,</span> <span class='ocrx_word' id='word_1_242' title='bbox 1584 2049 1701 2083; x_wconf 88' lang='lat' dir='ltr'>neque</span> 
     </span>
     <span class='ocr_line' id='line_1_32' title="bbox 727 2098 1173 2145; baseline -0.004 -11"><span class='ocrx_word' id='word_1_243' title='bbox 727 2112 793 2145; x_wconf 89' lang='lat' dir='ltr'>pro</span> <span class='ocrx_word' id='word_1_244' title='bbox 820 2099 1018 2135; x_wconf 76' lang='lat' dir='ltr'>levioribus</span> <span class='ocrx_word' id='word_1_245' title='bbox 1045 2098 1173 2133; x_wconf 85' lang='lat' dir='ltr'>causis.</span> 
     </span>
    </p>
   </div>
   <div class='ocr_carea' id='block_1_8' title="bbox 195 2169 1702 2450">
    <p class='ocr_par' dir='ltr' id='par_1_10' title="bbox 195 2169 1701 2275">
     <span class='ocr_line' id='line_1_33' title="bbox 286 2169 1701 2217; baseline -0.001 -11"><span class='ocrx_word' id='word_1_246' title='bbox 286 2172 561 2217; x_wconf 82' lang='lat' dir='ltr'>Appellationes</span> <span class='ocrx_word' id='word_1_247' title='bbox 587 2172 634 2207; x_wconf 85' lang='lat' dir='ltr'>ad</span> <span class='ocrx_word' id='word_1_248' title='bbox 660 2172 693 2207; x_wconf 74' lang='lat' dir='ltr'>S.</span> <span class='ocrx_word' id='word_1_249' title='bbox 720 2172 856 2213; x_wconf 80' lang='lat' dir='ltr'>Sedem,</span> <span class='ocrx_word' id='word_1_250' title='bbox 885 2170 1015 2207; x_wconf 85' lang='lat' dir='ltr'>omisso</span> <span class='ocrx_word' id='word_1_251' title='bbox 1041 2170 1160 2206; x_wconf 88' lang='lat' dir='ltr'>medio</span> <span class='ocrx_word' id='word_1_252' title='bbox 1186 2170 1364 2205; x_wconf 86' lang='lat' dir='ltr'>secundae</span> <span class='ocrx_word' id='word_1_253' title='bbox 1387 2169 1599 2212; x_wconf 86' lang='lat' dir='ltr'>instantiae,</span> <span class='ocrx_word' id='word_1_254' title='bbox 1627 2181 1701 2205; x_wconf 87' lang='lat' dir='ltr'>me-</span> 
     </span>
     <span class='ocr_line' id='line_1_34' title="bbox 195 2229 1084 2275; baseline -0.003 -9"><span class='ocrx_word' id='word_1_255' title='bbox 195 2231 413 2275; x_wconf 75' lang='lat' dir='ltr'>tropohtani</span> <span class='ocrx_word' id='word_1_256' title='bbox 440 2230 587 2272; x_wconf 82' lang='lat' dir='ltr'>scilicet,</span> <span class='ocrx_word' id='word_1_257' title='bbox 615 2242 687 2265; x_wconf 88' lang='lat' dir='ltr'>non</span> <span class='ocrx_word' id='word_1_258' title='bbox 714 2230 888 2264; x_wconf 85' lang='lat' dir='ltr'>deberent</span> <span class='ocrx_word' id='word_1_259' title='bbox 914 2229 1084 2270; x_wconf 88' lang='lat' dir='ltr'>admitti;</span> 
     </span>
    </p>

    <p class='ocr_par' dir='ltr' id='par_1_11' title="bbox 195 2284 1702 2450">
     <span class='ocr_line' id='line_1_35' title="bbox 289 2284 1702 2333; baseline -0.003 -9"><span class='ocrx_word' id='word_1_260' title='bbox 289 2290 386 2332; x_wconf 82' lang='lat' dir='ltr'>Neo,</span> <span class='ocrx_word' id='word_1_261' title='bbox 427 2289 540 2325; x_wconf 86' lang='lat' dir='ltr'>etiam</span> <span class='ocrx_word' id='word_1_262' title='bbox 564 2290 648 2333; x_wconf 91' lang='lat' dir='ltr'>post</span> <span class='ocrx_word' id='word_1_263' title='bbox 672 2288 792 2332; x_wconf 84' lang='lat' dir='ltr'>ipsam</span> <span class='ocrx_word' id='word_1_264' title='bbox 818 2287 1015 2323; x_wconf 87' lang='lat' dir='ltr'>secundam</span> <span class='ocrx_word' id='word_1_265' title='bbox 1050 2286 1294 2329; x_wconf 87' lang='lat' dir='ltr'>instantiam,</span> <span class='ocrx_word' id='word_1_266' title='bbox 1336 2287 1455 2321; x_wconf 88' lang='lat' dir='ltr'>locum</span> <span class='ocrx_word' id='word_1_267' title='bbox 1492 2286 1627 2321; x_wconf 87' lang='lat' dir='ltr'>habere</span> <span class='ocrx_word' id='word_1_268' title='bbox 1663 2284 1702 2320; x_wconf 90' lang='lat' dir='ltr'>in</span> 
     </span>
     <span class='ocr_line' id='line_1_36' title="bbox 195 2344 1702 2391; baseline -0.003 -7"><span class='ocrx_word' id='word_1_269' title='bbox 195 2348 313 2384; x_wconf 80' lang='lat' dir='ltr'>causis</span> <span class='ocrx_word' id='word_1_270' title='bbox 339 2347 547 2390; x_wconf 84' lang='lat' dir='ltr'>levioribus,</span> <span class='ocrx_word' id='word_1_271' title='bbox 575 2347 636 2382; x_wconf 87' lang='lat' dir='ltr'>sed</span> <span class='ocrx_word' id='word_1_272' title='bbox 661 2348 811 2382; x_wconf 86' lang='lat' dir='ltr'>tantum</span> <span class='ocrx_word' id='word_1_273' title='bbox 836 2346 874 2380; x_wconf 89' lang='lat' dir='ltr'>in</span> <span class='ocrx_word' id='word_1_274' title='bbox 901 2345 1136 2391; x_wconf 86' lang='lat' dir='ltr'>gravioribus</span> <span class='ocrx_word' id='word_1_275' title='bbox 1162 2347 1199 2381; x_wconf 94' lang='lat' dir='ltr'>et</span> <span class='ocrx_word' id='word_1_276' title='bbox 1226 2345 1449 2391; x_wconf 87' lang='lat' dir='ltr'>majoribus,</span> <span class='ocrx_word' id='word_1_277' title='bbox 1488 2356 1510 2379; x_wconf 90' lang='lat' dir='ltr'>a</span> <span class='ocrx_word' id='word_1_278' title='bbox 1531 2345 1616 2390; x_wconf 82' lang='lat' dir='ltr'>jure</span> <span class='ocrx_word' id='word_1_279' title='bbox 1642 2344 1702 2379; x_wconf 87' lang='lat' dir='ltr'>de-</span> 
     </span>
     <span class='ocr_line' id='line_1_37' title="bbox 197 2406 497 2450; baseline -0.007 -8"><span class='ocrx_word' id='word_1_280' title='bbox 197 2406 441 2442; x_wconf 82' lang='lat' dir='ltr'>terminandis</span> <span class='ocrx_word' id='word_1_281' title='bbox 462 2406 497 2450; x_wconf 90' lang='lat'>¹).</span> 
     </span>
    </p>
   </div>
   <div class='ocr_carea' id='block_1_9' title="bbox 198 2525 1706 2848">
    <p class='ocr_par' dir='ltr' id='par_1_12' title="bbox 301 2525 1120 2566">
     <span class='ocr_line' id='line_1_38' title="bbox 301 2525 1120 2566; baseline -0.005 -7"><span class='ocrx_word' id='word_1_282' title='bbox 301 2525 323 2566; x_wconf 90' lang='lat'>¹)</span> <span class='ocrx_word' id='word_1_283' title='bbox 351 2530 397 2559; x_wconf 85' lang='lat' dir='ltr'>Of.</span> <span class='ocrx_word' id='word_1_284' title='bbox 425 2530 596 2559; x_wconf 81' lang='lat' dir='ltr'>Postulata</span> <span class='ocrx_word' id='word_1_285' title='bbox 623 2528 653 2558; x_wconf 82' lang='lat' dir='ltr'>S.</span> <span class='ocrx_word' id='word_1_286' title='bbox 682 2527 799 2557; x_wconf 87' lang='lat' dir='ltr'>Concil.</span> <span class='ocrx_word' id='word_1_287' title='bbox 828 2527 912 2556; x_wconf 81' lang='lat' dir='ltr'>Trid.</span> <span class='ocrx_word' id='word_1_288' title='bbox 940 2527 1120 2566; x_wconf 82' lang='lat' dir='ltr'>proposita:</span> 
     </span>
    </p>

    <p class='ocr_par' dir='ltr' id='par_1_13' title="bbox 198 2571 1705 2755">
     <span class='ocr_line' id='line_1_39' title="bbox 299 2571 1705 2611; baseline -0.004 -6"><span class='ocrx_word' id='word_1_289' title='bbox 299 2577 453 2605; x_wconf 64' lang='lat' dir='ltr'>»Videtur</span> <span class='ocrx_word' id='word_1_290' title='bbox 479 2576 697 2607; x_wconf 77' lang='lat' dir='ltr'>statuendum,</span> <span class='ocrx_word' id='word_1_291' title='bbox 724 2577 760 2603; x_wconf 88' lang='lat' dir='ltr'>ut</span> <span class='ocrx_word' id='word_1_292' title='bbox 786 2574 887 2603; x_wconf 89' lang='lat' dir='ltr'>omnis</span> <span class='ocrx_word' id='word_1_293' title='bbox 913 2583 1011 2602; x_wconf 81' lang='lat' dir='ltr'>causa</span> <span class='ocrx_word' id='word_1_294' title='bbox 1046 2574 1203 2602; x_wconf 78' lang='lat' dir='ltr'>tractetur</span> <span class='ocrx_word' id='word_1_295' title='bbox 1229 2573 1260 2601; x_wconf 83' lang='lat' dir='ltr'>in</span> <span class='ocrx_word' id='word_1_296' title='bbox 1286 2572 1388 2611; x_wconf 80' lang='lat' dir='ltr'>prima</span> <span class='ocrx_word' id='word_1_297' title='bbox 1414 2571 1572 2600; x_wconf 72' lang='lat' dir='ltr'>instantia</span> <span class='ocrx_word' id='word_1_298' title='bbox 1597 2579 1705 2600; x_wconf 84' lang='lat' dir='ltr'>coram</span> 
     </span>
     <span class='ocr_line' id='line_1_40' title="bbox 199 2618 1705 2660; baseline -0.005 -7"><span class='ocrx_word' id='word_1_299' title='bbox 199 2623 376 2659; x_wconf 76' lang='lat' dir='ltr'>Ordinario‚</span> <span class='ocrx_word' id='word_1_300' title='bbox 417 2626 449 2653; x_wconf 86' lang='lat' dir='ltr'>et</span> <span class='ocrx_word' id='word_1_301' title='bbox 486 2624 517 2652; x_wconf 92' lang='lat' dir='ltr'>in</span> <span class='ocrx_word' id='word_1_302' title='bbox 542 2623 684 2651; x_wconf 83' lang='lat' dir='ltr'>secunda</span> <span class='ocrx_word' id='word_1_303' title='bbox 708 2630 816 2650; x_wconf 81' lang='lat' dir='ltr'>coram</span> <span class='ocrx_word' id='word_1_304' title='bbox 842 2621 1103 2660; x_wconf 84' lang='lat' dir='ltr'>Metropolitano,</span> <span class='ocrx_word' id='word_1_305' title='bbox 1142 2622 1175 2648; x_wconf 87' lang='lat' dir='ltr'>ot</span> <span class='ocrx_word' id='word_1_306' title='bbox 1210 2619 1241 2647; x_wconf 91' lang='lat' dir='ltr'>in</span> <span class='ocrx_word' id='word_1_307' title='bbox 1268 2619 1366 2647; x_wconf 83' lang='lat' dir='ltr'>tertia</span> <span class='ocrx_word' id='word_1_308' title='bbox 1390 2627 1493 2647; x_wconf 82' lang='lat' dir='ltr'>coram</span> <span class='ocrx_word' id='word_1_309' title='bbox 1521 2619 1596 2646; x_wconf 82' lang='lat' dir='ltr'>sede</span> <span class='ocrx_word' id='word_1_310' title='bbox 1621 2618 1705 2656; x_wconf 88' lang='lat' dir='ltr'>Apo-</span> 
     </span>
     <span class='ocr_line' id='line_1_41' title="bbox 198 2662 1705 2708; baseline -0.005 -9"><span class='ocrx_word' id='word_1_311' title='bbox 198 2672 321 2707; x_wconf 78' lang='lat' dir='ltr'>stolica,</span> <span class='ocrx_word' id='word_1_312' title='bbox 349 2672 374 2699; x_wconf 86' lang='lat' dir='ltr'>si</span> <span class='ocrx_word' id='word_1_313' title='bbox 401 2672 518 2708; x_wconf 80' lang='lat' dir='ltr'>agatur</span> <span class='ocrx_word' id='word_1_314' title='bbox 544 2676 641 2708; x_wconf 82' lang='lat' dir='ltr'>super</span> <span class='ocrx_word' id='word_1_315' title='bbox 666 2669 819 2698; x_wconf 82' lang='lat' dir='ltr'>beneficio</span> <span class='ocrx_word' id='word_1_316' title='bbox 846 2668 1039 2698; x_wconf 83' lang='lat' dir='ltr'>ascendente</span> <span class='ocrx_word' id='word_1_317' title='bbox 1065 2667 1107 2696; x_wconf 87' lang='lat' dir='ltr'>ad</span> <span class='ocrx_word' id='word_1_318' title='bbox 1131 2667 1273 2696; x_wconf 85' lang='lat' dir='ltr'>valorem</span> <span class='ocrx_word' id='word_1_319' title='bbox 1299 2674 1480 2702; x_wconf 69' lang='lat' dir='ltr'>magnum«</span> <span class='ocrx_word' id='word_1_320' title='bbox 1532 2662 1705 2700; x_wconf 83' lang='lat' dir='ltr'>(Postulat.</span> 
     </span>
     <span class='ocr_line' id='line_1_42' title="bbox 198 2715 530 2755; baseline 0 -9"><span class='ocrx_word' id='word_1_321' title='bbox 198 2718 309 2747; x_wconf 83' lang='lat' dir='ltr'>Barth.</span> <span class='ocrx_word' id='word_1_322' title='bbox 337 2728 356 2746; x_wconf 86' lang='lat' dir='ltr'>a</span> <span class='ocrx_word' id='word_1_323' title='bbox 380 2715 530 2755; x_wconf 82' lang='lat' dir='ltr'>Martyr.)</span> 
     </span>
    </p>

    <p class='ocr_par' dir='ltr' id='par_1_14' title="bbox 199 2758 1706 2848">
     <span class='ocr_line' id='line_1_43' title="bbox 296 2758 1706 2804; baseline -0.004 -11"><span class='ocrx_word' id='word_1_324' title='bbox 296 2764 560 2804; x_wconf 84' lang='lat' dir='ltr'>»Appellationcs</span> <span class='ocrx_word' id='word_1_325' title='bbox 597 2763 759 2800; x_wconf 85' lang='lat' dir='ltr'>gradatim</span> <span class='ocrx_word' id='word_1_326' title='bbox 797 2762 904 2792; x_wconf 84' lang='lat' dir='ltr'>factae</span> <span class='ocrx_word' id='word_1_327' title='bbox 942 2762 1114 2791; x_wconf 84' lang='lat' dir='ltr'>dumtaxat</span> <span class='ocrx_word' id='word_1_328' title='bbox 1153 2760 1279 2790; x_wconf 87' lang='lat' dir='ltr'>admitti</span> <span class='ocrx_word' id='word_1_329' title='bbox 1316 2759 1456 2798; x_wconf 84' lang='lat' dir='ltr'>possint,</span> <span class='ocrx_word' id='word_1_330' title='bbox 1494 2767 1552 2788; x_wconf 86' lang='lat' dir='ltr'>nec</span> <span class='ocrx_word' id='word_1_331' title='bbox 1589 2758 1706 2788; x_wconf 84' lang='lat' dir='ltr'>omisso</span> 
     </span>
     <span class='ocr_line' id='line_1_44' title="bbox 199 2807 830 2848; baseline -0.003 -9"><span class='ocrx_word' id='word_1_332' title='bbox 199 2811 332 2841; x_wconf 62' lang='lat' dir='ltr'>modim«</span> <span class='ocrx_word' id='word_1_333' title='bbox 387 2809 521 2847; x_wconf 89' lang='lat' dir='ltr'>(Postul.</span> <span class='ocrx_word' id='word_1_334' title='bbox 547 2811 642 2848; x_wconf 81' lang='lat' dir='ltr'>Regis</span> <span class='ocrx_word' id='word_1_335' title='bbox 670 2807 830 2846; x_wconf 86' lang='lat' dir='ltr'>Lusitan.)</span> 
     </span>
    </p>
   </div>
  </div>
 </body>
</html>
