<?xml version="1.0" encoding="UTF-8"?>
<!DOCTYPE html PUBLIC "-//W3C//DTD XHTML 1.0 Transitional//EN"
    "http://www.w3.org/TR/xhtml1/DTD/xhtml1-transitional.dtd">
<html xmlns="http://www.w3.org/1999/xhtml" xml:lang="en" lang="en">
 <head>
  <title>
</title>
<meta http-equiv="Content-Type" content="text/html;charset=utf-8" />
  <meta name='ocr-system' content='tesseract 3.04.00' />
  <meta name='ocr-capabilities' content='ocr_page ocr_carea ocr_par ocr_line ocrx_word'/>
</head>
<body>
  <div class='ocr_page' id='page_1' title='image "./aktenstuckediea00frie_0316.png"; bbox 0 0 1812 3088; ppageno 0'>
   <div class='ocr_carea' id='block_1_1' title="bbox 241 78 1101 125">
    <p class='ocr_par' dir='ltr' id='par_1_1' title="bbox 241 78 1101 125">
     <span class='ocr_line' id='line_1_1' title="bbox 241 78 1101 125; baseline -0.013 -1"><span class='ocrx_word' id='word_1_1' title='bbox 241 82 322 124; x_wconf 81' lang='lat'><strong>302</strong></span> <span class='ocrx_word' id='word_1_2' title='bbox 630 91 634 95; x_wconf 75' lang='grc'><em>’</em></span> <span class='ocrx_word' id='word_1_3' title='bbox 874 78 1101 125; x_wconf 73' lang='lat' dir='ltr'><strong>Nachtrage.</strong></span> 
     </span>
    </p>
   </div>
   <div class='ocr_carea' id='block_1_2' title="bbox 232 195 1746 884">
    <p class='ocr_par' dir='ltr' id='par_1_2' title="bbox 233 195 1746 765">
     <span class='ocr_line' id='line_1_2' title="bbox 238 195 1746 244; baseline 0.002 -13"><span class='ocrx_word' id='word_1_4' title='bbox 238 207 371 239; x_wconf 87' lang='lat' dir='ltr'><strong>omnes,</strong></span> <span class='ocrx_word' id='word_1_5' title='bbox 397 195 511 231; x_wconf 88' lang='lat' dir='ltr'><strong>etiam</strong></span> <span class='ocrx_word' id='word_1_6' title='bbox 543 197 741 232; x_wconf 86' lang='lat' dir='ltr'><strong>catholicas</strong></span> <span class='ocrx_word' id='word_1_7' title='bbox 767 196 933 232; x_wconf 85' lang='lat' dir='ltr'><strong>nationes</strong></span> <span class='ocrx_word' id='word_1_8' title='bbox 958 196 1165 232; x_wconf 86' lang='lat' dir='ltr'><strong>stabilitum</strong></span> <span class='ocrx_word' id='word_1_9' title='bbox 1191 196 1248 239; x_wconf 81' lang='lat' dir='ltr'><strong>sit,</strong></span> <span class='ocrx_word' id='word_1_10' title='bbox 1278 198 1322 232; x_wconf 90' lang='lat' dir='ltr'><strong>ut</strong></span> <span class='ocrx_word' id='word_1_11' title='bbox 1346 197 1450 234; x_wconf 85' lang='lat' dir='ltr'><strong>nulla</strong></span> <span class='ocrx_word' id='word_1_12' title='bbox 1474 208 1554 243; x_wconf 87' lang='lat' dir='ltr'><strong>spes</strong></span> <span class='ocrx_word' id='word_1_13' title='bbox 1577 197 1746 244; x_wconf 86' lang='lat' dir='ltr'><strong>proxima</strong></span> 
     </span>
     <span class='ocr_line' id='line_1_3' title="bbox 236 253 1745 300; baseline 0.003 -12"><span class='ocrx_word' id='word_1_14' title='bbox 236 255 424 289; x_wconf 87' lang='lat' dir='ltr'><strong>remaneat</strong></span> <span class='ocrx_word' id='word_1_15' title='bbox 461 253 738 299; x_wconf 85' lang='lat' dir='ltr'><strong>abrogationem</strong></span> <span class='ocrx_word' id='word_1_16' title='bbox 773 254 872 289; x_wconf 86' lang='lat' dir='ltr'><strong>illius</strong></span> <span class='ocrx_word' id='word_1_17' title='bbox 911 254 1120 296; x_wconf 88' lang='lat' dir='ltr'><strong>obtinendi;</strong></span> <span class='ocrx_word' id='word_1_18' title='bbox 1159 267 1202 290; x_wconf 86' lang='lat' dir='ltr'><strong>ex</strong></span> <span class='ocrx_word' id='word_1_19' title='bbox 1241 255 1359 291; x_wconf 88' lang='lat' dir='ltr'><strong>altera</strong></span> <span class='ocrx_word' id='word_1_20' title='bbox 1390 267 1476 291; x_wconf 82' lang='lat' dir='ltr'><strong>vero</strong></span> <span class='ocrx_word' id='word_1_21' title='bbox 1509 258 1614 300; x_wconf 84' lang='lat' dir='ltr'><strong>parte</strong></span> <span class='ocrx_word' id='word_1_22' title='bbox 1638 268 1745 292; x_wconf 87' lang='lat' dir='ltr'><strong>nemo</strong></span> 
     </span>
     <span class='ocr_line' id='line_1_4' title="bbox 237 310 1746 357; baseline 0.003 -12"><span class='ocrx_word' id='word_1_23' title='bbox 237 322 309 346; x_wconf 90' lang='lat' dir='ltr'><strong>non</strong></span> <span class='ocrx_word' id='word_1_24' title='bbox 335 310 543 355; x_wconf 88' lang='lat' dir='ltr'><strong>perspiciat,</strong></span> <span class='ocrx_word' id='word_1_25' title='bbox 573 314 756 356; x_wconf 86' lang='lat' dir='ltr'><strong>quantum</strong></span> <span class='ocrx_word' id='word_1_26' title='bbox 781 312 870 348; x_wconf 87' lang='lat' dir='ltr'><strong>mali</strong></span> <span class='ocrx_word' id='word_1_27' title='bbox 897 314 934 348; x_wconf 90' lang='lat' dir='ltr'><strong>et</strong></span> <span class='ocrx_word' id='word_1_28' title='bbox 959 312 1122 348; x_wconf 76' lang='lat' dir='ltr'>scandali</span> <span class='ocrx_word' id='word_1_29' title='bbox 1150 313 1309 357; x_wconf 88' lang='lat' dir='ltr'><strong>profluat</strong></span> <span class='ocrx_word' id='word_1_30' title='bbox 1333 325 1376 348; x_wconf 80' lang='lat' dir='ltr'><strong>ex</strong></span> <span class='ocrx_word' id='word_1_31' title='bbox 1401 313 1648 349; x_wconf 74' lang='lat' dir='ltr'><strong>matrimoniis</strong></span> <span class='ocrx_word' id='word_1_32' title='bbox 1671 314 1746 350; x_wconf 85' lang='lat' dir='ltr'><strong>illis</strong></span> 
     </span>
     <span class='ocr_line' id='line_1_5' title="bbox 236 369 1743 416; baseline 0.003 -13"><span class='ocrx_word' id='word_1_33' title='bbox 236 380 340 412; x_wconf 86' lang='lat' dir='ltr'><strong>quae,</strong></span> <span class='ocrx_word' id='word_1_34' title='bbox 368 381 490 404; x_wconf 86' lang='lat' dir='ltr'><strong>coram</strong></span> <span class='ocrx_word' id='word_1_35' title='bbox 516 370 590 405; x_wconf 89' lang='lat' dir='ltr'><strong>Deo</strong></span> <span class='ocrx_word' id='word_1_36' title='bbox 616 370 802 414; x_wconf 86' lang='lat' dir='ltr'><strong>invalida,</strong></span> <span class='ocrx_word' id='word_1_37' title='bbox 837 371 873 405; x_wconf 88' lang='lat' dir='ltr'><strong>in</strong></span> <span class='ocrx_word' id='word_1_38' title='bbox 902 370 1002 406; x_wconf 81' lang='lat' dir='ltr'><strong>civili</strong></span> <span class='ocrx_word' id='word_1_39' title='bbox 1033 373 1155 406; x_wconf 89' lang='lat' dir='ltr'><strong>tamen</strong></span> <span class='ocrx_word' id='word_1_40' title='bbox 1192 369 1268 406; x_wconf 82' lang='lat' dir='ltr'><strong>foro</strong></span> <span class='ocrx_word' id='word_1_41' title='bbox 1294 383 1360 416; x_wconf 88' lang='lat' dir='ltr'><strong>pro</strong></span> <span class='ocrx_word' id='word_1_42' title='bbox 1385 371 1517 407; x_wconf 85' lang='lat' dir='ltr'><strong>validis</strong></span> <span class='ocrx_word' id='word_1_43' title='bbox 1541 371 1743 408; x_wconf 88' lang='lat' dir='ltr'><strong>habentur:</strong></span> 
     </span>
     <span class='ocr_line' id='line_1_6' title="bbox 235 427 1745 474; baseline 0.003 -13"><span class='ocrx_word' id='word_1_44' title='bbox 235 427 282 462; x_wconf 85' lang='lat' dir='ltr'><strong>ad</strong></span> <span class='ocrx_word' id='word_1_45' title='bbox 307 429 386 462; x_wconf 87' lang='lat' dir='ltr'><strong>tam</strong></span> <span class='ocrx_word' id='word_1_46' title='bbox 409 428 652 473; x_wconf 77' lang='lat' dir='ltr'><strong>perniciosam</strong></span> <span class='ocrx_word' id='word_1_47' title='bbox 671 431 822 473; x_wconf 78' lang='lat' dir='ltr'><strong>pestem,</strong></span> <span class='ocrx_word' id='word_1_48' title='bbox 850 441 915 474; x_wconf 89' lang='lat' dir='ltr'><strong>pro</strong></span> <span class='ocrx_word' id='word_1_49' title='bbox 931 428 1163 474; x_wconf 73' lang='lat' dir='ltr'><strong>benignitate</strong></span> <span class='ocrx_word' id='word_1_50' title='bbox 1189 431 1226 464; x_wconf 90' lang='lat' dir='ltr'><strong>et</strong></span> <span class='ocrx_word' id='word_1_51' title='bbox 1243 429 1424 474; x_wconf 71' lang='lat' dir='ltr'><strong>sapientia</strong></span> <span class='ocrx_word' id='word_1_52' title='bbox 1439 429 1619 466; x_wconf 79' lang='lat' dir='ltr'><strong>Ecclesiae</strong></span> <span class='ocrx_word' id='word_1_53' title='bbox 1643 442 1745 466; x_wconf 88' lang='lat' dir='ltr'><strong>aver-</strong></span> 
     </span>
     <span class='ocr_line' id='line_1_7' title="bbox 235 486 1745 530; baseline 0.001 -10"><span class='ocrx_word' id='word_1_54' title='bbox 235 486 396 529; x_wconf 85' lang='lat' dir='ltr'><strong>tendam,</strong></span> <span class='ocrx_word' id='word_1_55' title='bbox 423 487 477 522; x_wconf 82' lang='lat' dir='ltr'><strong>vel</strong></span> <span class='ocrx_word' id='word_1_56' title='bbox 506 487 637 523; x_wconf 89' lang='lat' dir='ltr'><strong>saltem</strong></span> <span class='ocrx_word' id='word_1_57' title='bbox 661 488 910 530; x_wconf 84' lang='lat' dir='ltr'><strong>minuendam,</strong></span> <span class='ocrx_word' id='word_1_58' title='bbox 939 490 1082 524; x_wconf 89' lang='lat' dir='ltr'><strong>attento</strong></span> <span class='ocrx_word' id='word_1_59' title='bbox 1107 487 1357 523; x_wconf 87' lang='lat' dir='ltr'><strong>submittenda</strong></span> <span class='ocrx_word' id='word_1_60' title='bbox 1373 486 1560 523; x_wconf 87' lang='lat' dir='ltr'><strong>videretur</strong></span> <span class='ocrx_word' id='word_1_61' title='bbox 1585 488 1745 524; x_wconf 79' lang='lat' dir='ltr'><strong>examini</strong></span> 
     </span>
     <span class='ocr_line' id='line_1_8' title="bbox 234 545 1745 591; baseline 0.001 -12"><span class='ocrx_word' id='word_1_62' title='bbox 234 546 315 579; x_wconf 91' lang='lat' dir='ltr'><strong>tota</strong></span> <span class='ocrx_word' id='word_1_63' title='bbox 341 545 385 579; x_wconf 87' lang='lat' dir='ltr'><strong>de</strong></span> <span class='ocrx_word' id='word_1_64' title='bbox 408 545 645 581; x_wconf 86' lang='lat' dir='ltr'><strong>matrimonio</strong></span> <span class='ocrx_word' id='word_1_65' title='bbox 671 546 855 591; x_wconf 75' lang='lat' dir='ltr'><strong>legislatio</strong></span> <span class='ocrx_word' id='word_1_66' title='bbox 882 546 1067 587; x_wconf 84' lang='lat' dir='ltr'><strong>canonica,</strong></span> <span class='ocrx_word' id='word_1_67' title='bbox 1097 557 1138 581; x_wconf 91' lang='lat' dir='ltr'><strong>eo</strong></span> <span class='ocrx_word' id='word_1_68' title='bbox 1163 546 1235 580; x_wconf 91' lang='lat' dir='ltr'><strong>fine</strong></span> <span class='ocrx_word' id='word_1_69' title='bbox 1260 547 1312 587; x_wconf 82' lang='lat' dir='ltr'><strong>ut,</strong></span> <span class='ocrx_word' id='word_1_70' title='bbox 1339 547 1521 589; x_wconf 85' lang='lat' dir='ltr'><strong>quantum</strong></span> <span class='ocrx_word' id='word_1_71' title='bbox 1545 557 1655 591; x_wconf 89' lang='lat' dir='ltr'><strong>penes</strong></span> <span class='ocrx_word' id='word_1_72' title='bbox 1680 546 1745 581; x_wconf 88' lang='lat' dir='ltr'><strong>Ec-</strong></span> 
     </span>
     <span class='ocr_line' id='line_1_9' title="bbox 233 602 1746 650; baseline 0.002 -14"><span class='ocrx_word' id='word_1_73' title='bbox 233 602 380 637; x_wconf 85' lang='lat' dir='ltr'><strong>clesiam</strong></span> <span class='ocrx_word' id='word_1_74' title='bbox 405 603 476 639; x_wconf 86' lang='lat' dir='ltr'><strong>erit</strong></span> <span class='ocrx_word' id='word_1_75' title='bbox 501 606 537 639; x_wconf 90' lang='lat' dir='ltr'><strong>et</strong></span> <span class='ocrx_word' id='word_1_76' title='bbox 561 603 674 649; x_wconf 84' lang='lat' dir='ltr'><strong>ipsius</strong></span> <span class='ocrx_word' id='word_1_77' title='bbox 699 605 753 639; x_wconf 92' lang='lat' dir='ltr'><strong>rei</strong></span> <span class='ocrx_word' id='word_1_78' title='bbox 777 607 912 640; x_wconf 89' lang='lat' dir='ltr'><strong>natura</strong></span> <span class='ocrx_word' id='word_1_79' title='bbox 937 604 1148 650; x_wconf 78' lang='lat' dir='ltr'><strong>permittet,</strong></span> <span class='ocrx_word' id='word_1_80' title='bbox 1187 604 1317 639; x_wconf 87' lang='lat' dir='ltr'><strong>saltem</strong></span> <span class='ocrx_word' id='word_1_81' title='bbox 1349 603 1504 639; x_wconf 88' lang='lat' dir='ltr'><strong>rariores</strong></span> <span class='ocrx_word' id='word_1_82' title='bbox 1538 603 1746 639; x_wconf 87' lang='lat' dir='ltr'><strong>efficiantur</strong></span> 
     </span>
     <span class='ocr_line' id='line_1_10' title="bbox 233 661 1745 705; baseline 0.001 -10"><span class='ocrx_word' id='word_1_83' title='bbox 233 672 336 696; x_wconf 84' lang='lat' dir='ltr'><strong>casus</strong></span> <span class='ocrx_word' id='word_1_84' title='bbox 360 661 399 695; x_wconf 92' lang='lat' dir='ltr'><strong>in</strong></span> <span class='ocrx_word' id='word_1_85' title='bbox 425 662 558 705; x_wconf 84' lang='lat' dir='ltr'><strong>quibus</strong></span> <span class='ocrx_word' id='word_1_86' title='bbox 583 662 681 698; x_wconf 84' lang='lat' dir='ltr'><strong>idem</strong></span> <span class='ocrx_word' id='word_1_87' title='bbox 699 663 977 699; x_wconf 82' lang='lat' dir='ltr'><strong>matrimonium</strong></span> <span class='ocrx_word' id='word_1_88' title='bbox 1000 666 1037 698; x_wconf 90' lang='lat' dir='ltr'><strong>et</strong></span> <span class='ocrx_word' id='word_1_89' title='bbox 1056 662 1220 699; x_wconf 85' lang='lat' dir='ltr'><strong>validum</strong></span> <span class='ocrx_word' id='word_1_90' title='bbox 1238 661 1396 697; x_wconf 88' lang='lat' dir='ltr'><strong>civiliter</strong></span> <span class='ocrx_word' id='word_1_91' title='bbox 1415 664 1452 698; x_wconf 91' lang='lat' dir='ltr'><strong>et</strong></span> <span class='ocrx_word' id='word_1_92' title='bbox 1468 662 1507 696; x_wconf 91' lang='lat' dir='ltr'><strong>in</strong></span> <span class='ocrx_word' id='word_1_93' title='bbox 1524 661 1745 697; x_wconf 84' lang='lat' dir='ltr'><strong>conscientia</strong></span> 
     </span>
     <span class='ocr_line' id='line_1_11' title="bbox 234 719 637 765; baseline 0.01 -13"><span class='ocrx_word' id='word_1_94' title='bbox 234 719 379 754; x_wconf 86' lang='lat' dir='ltr'><strong>nullum</strong></span> <span class='ocrx_word' id='word_1_95' title='bbox 405 731 480 755; x_wconf 90' lang='lat' dir='ltr'><strong>esse</strong></span> <span class='ocrx_word' id='word_1_96' title='bbox 505 723 637 765; x_wconf 88' lang='lat' dir='ltr'><strong>potest.</strong></span> 
     </span>
    </p>

    <p class='ocr_par' dir='ltr' id='par_1_3' title="bbox 232 778 1744 884">
     <span class='ocr_line' id='line_1_12' title="bbox 330 778 1744 825; baseline 0.001 -13"><span class='ocrx_word' id='word_1_97' title='bbox 330 778 388 812; x_wconf 81' lang='lat' dir='ltr'><strong>Ad</strong></span> <span class='ocrx_word' id='word_1_98' title='bbox 414 789 520 822; x_wconf 78' lang='lat' dir='ltr'><strong>quein</strong></span> <span class='ocrx_word' id='word_1_99' title='bbox 548 790 696 824; x_wconf 87' lang='lat' dir='ltr'><strong>scopum</strong></span> <span class='ocrx_word' id='word_1_100' title='bbox 722 781 987 824; x_wconf 85' lang='lat' dir='ltr'><strong>assequendum</strong></span> <span class='ocrx_word' id='word_1_101' title='bbox 1003 780 1185 825; x_wconf 80' lang='lat' dir='ltr'><strong>imprimis</strong></span> <span class='ocrx_word' id='word_1_102' title='bbox 1203 781 1381 816; x_wconf 81' lang='lat' dir='ltr'><strong>conducet</strong></span> <span class='ocrx_word' id='word_1_103' title='bbox 1397 779 1744 824; x_wconf 83' lang='lat' dir='ltr'><strong>impedimentorum</strong></span> 
     </span>
     <span class='ocr_line' id='line_1_13' title="bbox 232 834 1457 884; baseline 0.003 -15"><span class='ocrx_word' id='word_1_104' title='bbox 232 834 484 871; x_wconf 77' lang='lat' dir='ltr'><strong>‹lirimentium</strong></span> <span class='ocrx_word' id='word_1_105' title='bbox 509 837 765 873; x_wconf 88' lang='lat' dir='ltr'><strong>canonicorum</strong></span> <span class='ocrx_word' id='word_1_106' title='bbox 790 839 951 884; x_wconf 84' lang='lat' dir='ltr'><strong>prudens</strong></span> <span class='ocrx_word' id='word_1_107' title='bbox 977 838 1152 882; x_wconf 85' lang='lat' dir='ltr'><strong>reductio,</strong></span> <span class='ocrx_word' id='word_1_108' title='bbox 1180 839 1224 874; x_wconf 86' lang='lat' dir='ltr'><strong>de</strong></span> <span class='ocrx_word' id='word_1_109' title='bbox 1251 850 1325 882; x_wconf 88' lang='lat' dir='ltr'><strong>qua</strong></span> <span class='ocrx_word' id='word_1_110' title='bbox 1347 837 1457 873; x_wconf 87' lang='lat' dir='ltr'><strong>infra.</strong></span> 
     </span>
    </p>
   </div>
   <div class='ocr_carea' id='block_1_3' title="bbox 357 941 1636 988">
    <p class='ocr_par' dir='ltr' id='par_1_4' title="bbox 357 941 1636 988">
     <span class='ocr_line' id='line_1_14' title="bbox 357 941 1636 988; baseline 0.001 -13"><span class='ocrx_word' id='word_1_111' title='bbox 357 941 409 976; x_wconf 90' lang='lat' dir='ltr'><strong>De</strong></span> <span class='ocrx_word' id='word_1_112' title='bbox 433 942 633 978; x_wconf 83' lang='lat' dir='ltr'><strong>minuendo</strong></span> <span class='ocrx_word' id='word_1_113' title='bbox 657 942 922 988; x_wconf 83' lang='lat' dir='ltr'><strong>impedimenta</strong></span> <span class='ocrx_word' id='word_1_114' title='bbox 945 943 1174 979; x_wconf 85' lang='lat' dir='ltr'><strong>matrimonii</strong></span> <span class='ocrx_word' id='word_1_115' title='bbox 1199 943 1451 979; x_wconf 83' lang='lat' dir='ltr'><strong>dirimentium</strong></span> <span class='ocrx_word' id='word_1_116' title='bbox 1474 953 1636 978; x_wconf 86' lang='lat' dir='ltr'><strong>numero.</strong></span> 
     </span>
    </p>
   </div>
   <div class='ocr_carea' id='block_1_4' title="bbox 229 1011 1744 1704">
    <p class='ocr_par' dir='ltr' id='par_1_5' title="bbox 233 1011 1744 1164">
     <span class='ocr_line' id='line_1_15' title="bbox 332 1011 1744 1059; baseline 0.001 -14"><span class='ocrx_word' id='word_1_117' title='bbox 332 1011 433 1047; x_wconf 84' lang='lat' dir='ltr'><strong>Inter</strong></span> <span class='ocrx_word' id='word_1_118' title='bbox 458 1011 725 1058; x_wconf 83' lang='lat' dir='ltr'><strong>impedimenta</strong></span> <span class='ocrx_word' id='word_1_119' title='bbox 745 1013 974 1049; x_wconf 80' lang='lat' dir='ltr'><strong>matrimonii</strong></span> <span class='ocrx_word' id='word_1_120' title='bbox 999 1013 1211 1049; x_wconf 81' lang='lat' dir='ltr'><strong>dirimentia</strong></span> <span class='ocrx_word' id='word_1_121' title='bbox 1227 1015 1432 1059; x_wconf 88' lang='lat' dir='ltr'><strong>opportune</strong></span> <span class='ocrx_word' id='word_1_122' title='bbox 1457 1012 1744 1058; x_wconf 76' lang='lat' dir='ltr'><strong>supprimeretur</strong></span> 
     </span>
     <span class='ocr_line' id='line_1_16' title="bbox 233 1071 1743 1118; baseline 0.001 -14"><span class='ocrx_word' id='word_1_123' title='bbox 233 1081 481 1114; x_wconf 88' lang='lat' dir='ltr'><strong>quaecumque</strong></span> <span class='ocrx_word' id='word_1_124' title='bbox 531 1073 668 1116; x_wconf 90' lang='lat' dir='ltr'><strong>absque</strong></span> <span class='ocrx_word' id='word_1_125' title='bbox 717 1072 880 1118; x_wconf 84' lang='lat' dir='ltr'><strong>graviori</strong></span> <span class='ocrx_word' id='word_1_126' title='bbox 921 1072 1148 1118; x_wconf 86' lang='lat' dir='ltr'><strong>praejudicio</strong></span> <span class='ocrx_word' id='word_1_127' title='bbox 1189 1072 1362 1107; x_wconf 86' lang='lat' dir='ltr'><strong>videntur</strong></span> <span class='ocrx_word' id='word_1_128' title='bbox 1399 1071 1582 1107; x_wconf 90' lang='lat' dir='ltr'><strong>eliminari</strong></span> <span class='ocrx_word' id='word_1_129' title='bbox 1619 1082 1743 1116; x_wconf 86' lang='lat' dir='ltr'><strong>posse;</strong></span> 
     </span>
     <span class='ocr_line' id='line_1_17' title="bbox 236 1128 396 1164; baseline 0.006 -1"><span class='ocrx_word' id='word_1_130' title='bbox 236 1128 396 1164; x_wconf 86' lang='lat' dir='ltr'><strong>scilicet:</strong></span> 
     </span>
    </p>

    <p class='ocr_par' dir='ltr' id='par_1_6' title="bbox 331 1187 1510 1236">
     <span class='ocr_line' id='line_1_18' title="bbox 331 1187 1510 1236; baseline 0.003 -14"><span class='ocrx_word' id='word_1_131' title='bbox 331 1188 366 1222; x_wconf 90' lang='lat'><strong>1⁰</strong></span> <span class='ocrx_word' id='word_1_132' title='bbox 394 1187 565 1231; x_wconf 83' lang='lat' dir='ltr'><strong>Quartus,</strong></span> <span class='ocrx_word' id='word_1_133' title='bbox 597 1189 670 1225; x_wconf 90' lang='lat' dir='ltr'><strong>imo</strong></span> <span class='ocrx_word' id='word_1_134' title='bbox 697 1189 821 1225; x_wconf 81' lang='lat' dir='ltr'><strong>forsan</strong></span> <span class='ocrx_word' id='word_1_135' title='bbox 847 1189 979 1226; x_wconf 87' lang='lat' dir='ltr'><strong>tertius</strong></span> <span class='ocrx_word' id='word_1_136' title='bbox 1004 1190 1337 1236; x_wconf 82' lang='lat' dir='ltr'><strong>consanguinitatis</strong></span> <span class='ocrx_word' id='word_1_137' title='bbox 1363 1189 1510 1235; x_wconf 86' lang='lat' dir='ltr'><strong>gradus.</strong></span> 
     </span>
    </p>

    <p class='ocr_par' dir='ltr' id='par_1_7' title="bbox 333 1247 1694 1294">
     <span class='ocr_line' id='line_1_19' title="bbox 333 1247 1694 1294; baseline 0.001 -13"><span class='ocrx_word' id='word_1_138' title='bbox 333 1248 371 1281; x_wconf 51' lang='lat'><strong>2¹*</strong></span> <span class='ocrx_word' id='word_1_139' title='bbox 397 1247 610 1292; x_wconf 75' lang='lat' dir='ltr'><strong>Spiritualis</strong></span> <span class='ocrx_word' id='word_1_140' title='bbox 635 1249 816 1294; x_wconf 85' lang='lat' dir='ltr'><strong>cognatio,</strong></span> <span class='ocrx_word' id='word_1_141' title='bbox 843 1249 914 1284; x_wconf 91' lang='lat' dir='ltr'><strong>nisi</strong></span> <span class='ocrx_word' id='word_1_142' title='bbox 939 1250 1033 1285; x_wconf 90' lang='lat' dir='ltr'><strong>forte</strong></span> <span class='ocrx_word' id='word_1_143' title='bbox 1057 1250 1153 1284; x_wconf 86' lang='lat' dir='ltr'><strong>inter</strong></span> <span class='ocrx_word' id='word_1_144' title='bbox 1178 1248 1406 1293; x_wconf 86' lang='lat' dir='ltr'><strong>baptizatam</strong></span> <span class='ocrx_word' id='word_1_145' title='bbox 1432 1250 1469 1283; x_wconf 89' lang='lat' dir='ltr'><strong>et</strong></span> <span class='ocrx_word' id='word_1_146' title='bbox 1492 1247 1694 1292; x_wconf 85' lang='lat' dir='ltr'><strong>patrinum.</strong></span> 
     </span>
    </p>

    <p class='ocr_par' dir='ltr' id='par_1_8' title="bbox 327 1305 1043 1343">
     <span class='ocr_line' id='line_1_20' title="bbox 327 1305 1043 1343; baseline 0.004 -3"><span class='ocrx_word' id='word_1_147' title='bbox 327 1305 365 1340; x_wconf 83' lang='lat'><strong>3⁰</strong></span> <span class='ocrx_word' id='word_1_148' title='bbox 393 1306 565 1341; x_wconf 87' lang='lat' dir='ltr'><strong>Affinitas</strong></span> <span class='ocrx_word' id='word_1_149' title='bbox 591 1318 634 1341; x_wconf 79' lang='lat' dir='ltr'><strong>ex</strong></span> <span class='ocrx_word' id='word_1_150' title='bbox 661 1308 876 1343; x_wconf 85' lang='lat' dir='ltr'><strong>commercio</strong></span> <span class='ocrx_word' id='word_1_151' title='bbox 902 1308 1043 1343; x_wconf 89' lang='lat' dir='ltr'><strong>illicito.</strong></span> 
     </span>
    </p>

    <p class='ocr_par' dir='ltr' id='par_1_9' title="bbox 330 1364 1524 1410">
     <span class='ocr_line' id='line_1_21' title="bbox 330 1364 1524 1410; baseline 0.003 -13"><span class='ocrx_word' id='word_1_152' title='bbox 330 1365 370 1397; x_wconf 82' lang='lat'><strong>40</strong></span> <span class='ocrx_word' id='word_1_153' title='bbox 396 1364 569 1400; x_wconf 85' lang='lat' dir='ltr'><strong>Affinitas</strong></span> <span class='ocrx_word' id='word_1_154' title='bbox 595 1376 638 1400; x_wconf 74' lang='lat' dir='ltr'><strong>ex</strong></span> <span class='ocrx_word' id='word_1_155' title='bbox 664 1367 878 1401; x_wconf 84' lang='lat' dir='ltr'><strong>commercio</strong></span> <span class='ocrx_word' id='word_1_156' title='bbox 905 1366 1015 1408; x_wconf 87' lang='lat' dir='ltr'><strong>licito,</strong></span> <span class='ocrx_word' id='word_1_157' title='bbox 1042 1367 1141 1402; x_wconf 87' lang='lat' dir='ltr'><strong>ultra</strong></span> <span class='ocrx_word' id='word_1_158' title='bbox 1165 1365 1327 1410; x_wconf 87' lang='lat' dir='ltr'><strong>primum</strong></span> <span class='ocrx_word' id='word_1_159' title='bbox 1354 1367 1524 1410; x_wconf 83' lang='lat' dir='ltr'><strong>gradum.</strong></span> 
     </span>
    </p>

    <p class='ocr_par' dir='ltr' id='par_1_10' title="bbox 334 1422 1087 1469">
     <span class='ocr_line' id='line_1_22' title="bbox 334 1422 1087 1469; baseline 0.004 -13"><span class='ocrx_word' id='word_1_160' title='bbox 334 1422 370 1457; x_wconf 88' lang='lat'><strong>5⁰</strong></span> <span class='ocrx_word' id='word_1_161' title='bbox 398 1422 576 1458; x_wconf 88' lang='lat' dir='ltr'><strong>Honestas</strong></span> <span class='ocrx_word' id='word_1_162' title='bbox 602 1423 752 1468; x_wconf 86' lang='lat' dir='ltr'><strong>publica</strong></span> <span class='ocrx_word' id='word_1_163' title='bbox 777 1436 820 1459; x_wconf 85' lang='lat' dir='ltr'><strong>ex</strong></span> <span class='ocrx_word' id='word_1_164' title='bbox 847 1424 1087 1469; x_wconf 82' lang='lat' dir='ltr'><strong>sponsalibus.</strong></span> 
     </span>
    </p>

    <p class='ocr_par' dir='ltr' id='par_1_11' title="bbox 231 1481 1744 1586">
     <span class='ocr_line' id='line_1_23' title="bbox 334 1481 1744 1527; baseline 0.003 -12"><span class='ocrx_word' id='word_1_165' title='bbox 334 1481 372 1516; x_wconf 84' lang='lat'><strong>6⁰</strong></span> <span class='ocrx_word' id='word_1_166' title='bbox 397 1481 577 1516; x_wconf 85' lang='lat' dir='ltr'><strong>Honestas</strong></span> <span class='ocrx_word' id='word_1_167' title='bbox 608 1481 758 1526; x_wconf 84' lang='lat' dir='ltr'><strong>publica</strong></span> <span class='ocrx_word' id='word_1_168' title='bbox 791 1494 834 1518; x_wconf 81' lang='lat' dir='ltr'><strong>ex</strong></span> <span class='ocrx_word' id='word_1_169' title='bbox 860 1482 1097 1519; x_wconf 86' lang='lat' dir='ltr'><strong>matrimonio</strong></span> <span class='ocrx_word' id='word_1_170' title='bbox 1122 1486 1214 1524; x_wconf 85' lang='lat' dir='ltr'><strong>rato,</strong></span> <span class='ocrx_word' id='word_1_171' title='bbox 1239 1494 1313 1518; x_wconf 89' lang='lat' dir='ltr'><strong>non</strong></span> <span class='ocrx_word' id='word_1_172' title='bbox 1340 1484 1610 1527; x_wconf 88' lang='lat' dir='ltr'><strong>consummato,</strong></span> <span class='ocrx_word' id='word_1_173' title='bbox 1645 1484 1744 1520; x_wconf 86' lang='lat' dir='ltr'><strong>ultra</strong></span> 
     </span>
     <span class='ocr_line' id='line_1_24' title="bbox 231 1540 587 1586; baseline -0.003 -11"><span class='ocrx_word' id='word_1_174' title='bbox 231 1540 392 1586; x_wconf 85' lang='lat' dir='ltr'><strong>primum</strong></span> <span class='ocrx_word' id='word_1_175' title='bbox 418 1541 587 1585; x_wconf 81' lang='lat' dir='ltr'><strong>gradum.</strong></span> 
     </span>
    </p>

    <p class='ocr_par' dir='ltr' id='par_1_12' title="bbox 229 1598 1741 1704">
     <span class='ocr_line' id='line_1_25' title="bbox 331 1598 1741 1646; baseline 0.001 -11"><span class='ocrx_word' id='word_1_176' title='bbox 331 1600 369 1635; x_wconf 82' lang='grc' dir='ltr'><strong>7Ο</strong></span> <span class='ocrx_word' id='word_1_177' title='bbox 386 1598 693 1643; x_wconf 84' lang='lat' dir='ltr'><strong>Impedimentum</strong></span> <span class='ocrx_word' id='word_1_178' title='bbox 706 1599 870 1635; x_wconf 85' lang='lat' dir='ltr'><strong>criminis</strong></span> <span class='ocrx_word' id='word_1_179' title='bbox 885 1612 927 1636; x_wconf 81' lang='lat' dir='ltr'><strong>ex</strong></span> <span class='ocrx_word' id='word_1_180' title='bbox 941 1602 1123 1637; x_wconf 80' lang='lat' dir='ltr'><strong>adulterio</strong></span> <span class='ocrx_word' id='word_1_181' title='bbox 1142 1601 1227 1643; x_wconf 87' lang='lat' dir='ltr'><strong>solo,</strong></span> <span class='ocrx_word' id='word_1_182' title='bbox 1246 1600 1383 1645; x_wconf 86' lang='lat' dir='ltr'><strong>absque</strong></span> <span class='ocrx_word' id='word_1_183' title='bbox 1399 1600 1656 1646; x_wconf 86' lang='lat' dir='ltr'><strong>conjugicidio,</strong></span> <span class='ocrx_word' id='word_1_184' title='bbox 1675 1603 1741 1637; x_wconf 87' lang='lat' dir='ltr'><strong>aut</strong></span> 
     </span>
     <span class='ocr_line' id='line_1_26' title="bbox 229 1658 827 1704; baseline -0.002 -9"><span class='ocrx_word' id='word_1_185' title='bbox 229 1659 502 1695; x_wconf 83' lang='lat' dir='ltr'><strong>machinatione</strong></span> <span class='ocrx_word' id='word_1_186' title='bbox 528 1658 770 1704; x_wconf 80' lang='lat' dir='ltr'><strong>conjugicidii</strong></span> <span class='ocrx_word' id='word_1_187' title='bbox 794 1660 827 1704; x_wconf 86' lang='lat'><strong>¹).</strong></span> 
     </span>
    </p>
   </div>
   <div class='ocr_carea' id='block_1_5' title="bbox 510 1764 1458 1809">
    <p class='ocr_par' dir='ltr' id='par_1_13' title="bbox 510 1764 1458 1809">
     <span class='ocr_line' id='line_1_27' title="bbox 510 1764 1458 1809; baseline 0.001 -10"><span class='ocrx_word' id='word_1_188' title='bbox 510 1765 561 1799; x_wconf 91' lang='lat' dir='ltr'><strong>De</strong></span> <span class='ocrx_word' id='word_1_189' title='bbox 586 1764 829 1800; x_wconf 81' lang='lat' dir='ltr'><strong>modificando</strong></span> <span class='ocrx_word' id='word_1_190' title='bbox 850 1765 1158 1801; x_wconf 85' lang='lat' dir='ltr'><strong>clandestinitatis</strong></span> <span class='ocrx_word' id='word_1_191' title='bbox 1184 1764 1458 1809; x_wconf 86' lang='lat' dir='ltr'><strong>impedimento.</strong></span> 
     </span>
    </p>
   </div>
   <div class='ocr_carea' id='block_1_6' title="bbox 228 1834 1737 1939">
    <p class='ocr_par' dir='ltr' id='par_1_14' title="bbox 228 1834 1737 1939">
     <span class='ocr_line' id='line_1_28' title="bbox 325 1834 1737 1879; baseline 0 -9"><span class='ocrx_word' id='word_1_192' title='bbox 325 1835 362 1870; x_wconf 83' lang='lat' dir='ltr'><strong>Si</strong></span> <span class='ocrx_word' id='word_1_193' title='bbox 396 1836 464 1870; x_wconf 89' lang='lat' dir='ltr'><strong>hoc</strong></span> <span class='ocrx_word' id='word_1_194' title='bbox 497 1834 801 1879; x_wconf 83' lang='lat' dir='ltr'><strong>impedimentum</strong></span> <span class='ocrx_word' id='word_1_195' title='bbox 839 1835 1012 1870; x_wconf 83' lang='lat' dir='ltr'><strong>dirimens</strong></span> <span class='ocrx_word' id='word_1_196' title='bbox 1038 1836 1260 1871; x_wconf 86' lang='lat' dir='ltr'><strong>servandum</strong></span> <span class='ocrx_word' id='word_1_197' title='bbox 1284 1834 1489 1877; x_wconf 67' lang='lat' dir='ltr'><strong>⁴udicetur,</strong></span> <span class='ocrx_word' id='word_1_198' title='bbox 1527 1834 1658 1870; x_wconf 87' lang='lat' dir='ltr'><strong>saltem</strong></span> <span class='ocrx_word' id='word_1_199' title='bbox 1682 1834 1737 1870; x_wconf 85' lang='lat' dir='ltr'><strong>ita</strong></span> 
     </span>
     <span class='ocr_line' id='line_1_29' title="bbox 228 1891 1737 1939; baseline -0.002 -9"><span class='ocrx_word' id='word_1_200' title='bbox 228 1895 492 1938; x_wconf 86' lang='lat' dir='ltr'><strong>attemperetur</strong></span> <span class='ocrx_word' id='word_1_201' title='bbox 526 1892 686 1928; x_wconf 85' lang='lat' dir='ltr'><strong>conditio</strong></span> <span class='ocrx_word' id='word_1_202' title='bbox 721 1904 813 1936; x_wconf 87' lang='lat' dir='ltr'><strong>quae</strong></span> <span class='ocrx_word' id='word_1_203' title='bbox 839 1893 973 1939; x_wconf 86' lang='lat' dir='ltr'><strong>exigit,</strong></span> <span class='ocrx_word' id='word_1_204' title='bbox 1013 1894 1079 1928; x_wconf 84' lang='lat' dir='ltr'><strong>sub</strong></span> <span class='ocrx_word' id='word_1_205' title='bbox 1112 1904 1230 1938; x_wconf 87' lang='lat' dir='ltr'><strong>poena</strong></span> <span class='ocrx_word' id='word_1_206' title='bbox 1254 1891 1456 1935; x_wconf 88' lang='lat' dir='ltr'><strong>nullitatis,</strong></span> <span class='ocrx_word' id='word_1_207' title='bbox 1490 1892 1737 1937; x_wconf 86' lang='lat' dir='ltr'><strong>praesentiam</strong></span> 
     </span>
    </p>
   </div>
   <div class='ocr_carea' id='block_1_7' title="bbox 375 1986 509 1990">
    <p class='ocr_par' dir='ltr' id='par_1_15' title="bbox 375 1986 509 1990">
     <span class='ocr_line' id='line_1_30' title="bbox 375 1986 509 1990; baseline 0 0"><span class='ocrx_word' id='word_1_208' title='bbox 375 1986 509 1990; x_wconf 95' lang='lat' dir='ltr'><strong> </strong></span> 
     </span>
    </p>
   </div>
   <div class='ocr_carea' id='block_1_8' title="bbox 235 1986 373 1992">
    <p class='ocr_par' dir='ltr' id='par_1_16' title="bbox 235 1986 373 1992">
     <span class='ocr_line' id='line_1_31' title="bbox 235 1986 373 1992; baseline 0 0"><span class='ocrx_word' id='word_1_209' title='bbox 235 1986 373 1992; x_wconf 95' lang='lat' dir='ltr'><strong> </strong></span> 
     </span>
    </p>
   </div>
   <div class='ocr_carea' id='block_1_9' title="bbox 224 2033 1738 2872">
    <p class='ocr_par' dir='ltr' id='par_1_17' title="bbox 329 2033 1108 2079">
     <span class='ocr_line' id='line_1_32' title="bbox 329 2033 1108 2079; baseline 0.004 -14"><span class='ocrx_word' id='word_1_210' title='bbox 329 2033 351 2074; x_wconf 92' lang='lat'><strong>¹)</strong></span> <span class='ocrx_word' id='word_1_211' title='bbox 379 2037 427 2066; x_wconf 83' lang='lat' dir='ltr'><strong>Cf.</strong></span> <span class='ocrx_word' id='word_1_212' title='bbox 454 2038 625 2068; x_wconf 82' lang='lat' dir='ltr'><strong>Postulata</strong></span> <span class='ocrx_word' id='word_1_213' title='bbox 652 2039 790 2068; x_wconf 85' lang='lat' dir='ltr'><strong>Concilio</strong></span> <span class='ocrx_word' id='word_1_214' title='bbox 816 2040 901 2069; x_wconf 82' lang='lat' dir='ltr'><strong>Trid.</strong></span> <span class='ocrx_word' id='word_1_215' title='bbox 929 2040 1108 2079; x_wconf 79' lang='lat' dir='ltr'><strong>proposita:</strong></span> 
     </span>
    </p>

    <p class='ocr_par' dir='ltr' id='par_1_18' title="bbox 227 2084 1736 2172">
     <span class='ocr_line' id='line_1_33' title="bbox 325 2084 1736 2126; baseline -0.001 -13"><span class='ocrx_word' id='word_1_216' title='bbox 325 2084 417 2114; x_wconf 89' lang='lat' dir='ltr'><strong>»Non</strong></span> <span class='ocrx_word' id='word_1_217' title='bbox 443 2085 654 2114; x_wconf 80' lang='lat' dir='ltr'><strong>contrahatur</strong></span> <span class='ocrx_word' id='word_1_218' title='bbox 687 2087 836 2123; x_wconf 85' lang='lat' dir='ltr'><strong>cognatio</strong></span> <span class='ocrx_word' id='word_1_219' title='bbox 872 2087 1048 2125; x_wconf 84' lang='lat' dir='ltr'><strong>spiritualis</strong></span> <span class='ocrx_word' id='word_1_220' title='bbox 1086 2096 1141 2126; x_wconf 89' lang='lat' dir='ltr'><strong>per</strong></span> <span class='ocrx_word' id='word_1_221' title='bbox 1168 2086 1369 2125; x_wconf 83' lang='lat' dir='ltr'><strong>Baptismum</strong></span> <span class='ocrx_word' id='word_1_222' title='bbox 1403 2088 1435 2114; x_wconf 85' lang='lat' dir='ltr'><strong>et</strong></span> <span class='ocrx_word' id='word_1_223' title='bbox 1461 2084 1736 2114; x_wconf 86' lang='lat' dir='ltr'><strong>confirmationem</strong></span> 
     </span>
     <span class='ocr_line' id='line_1_34' title="bbox 227 2131 1452 2172; baseline 0.001 -12"><span class='ocrx_word' id='word_1_224' title='bbox 227 2131 288 2161; x_wconf 86' lang='lat' dir='ltr'><strong>nisi</strong></span> <span class='ocrx_word' id='word_1_225' title='bbox 315 2132 397 2160; x_wconf 83' lang='lat' dir='ltr'><strong>inter</strong></span> <span class='ocrx_word' id='word_1_226' title='bbox 422 2131 660 2161; x_wconf 78' lang='lat' dir='ltr'><strong>ministrantem</strong></span> <span class='ocrx_word' id='word_1_227' title='bbox 685 2136 718 2161; x_wconf 89' lang='lat' dir='ltr'><strong>et</strong></span> <span class='ocrx_word' id='word_1_228' title='bbox 743 2133 961 2172; x_wconf 81' lang='lat' dir='ltr'><strong>recipientem,</strong></span> <span class='ocrx_word' id='word_1_229' title='bbox 990 2133 1028 2162; x_wconf 90' lang='lat' dir='ltr'><strong>ob</strong></span> <span class='ocrx_word' id='word_1_230' title='bbox 1057 2135 1159 2163; x_wconf 83' lang='lat' dir='ltr'><strong>multa</strong></span> <span class='ocrx_word' id='word_1_231' title='bbox 1185 2133 1452 2162; x_wconf 81' lang='lat' dir='ltr'><strong>inconvenientia.</strong></span> 
     </span>
    </p>

    <p class='ocr_par' dir='ltr' id='par_1_19' title="bbox 227 2177 1738 2311">
     <span class='ocr_line' id='line_1_35' title="bbox 328 2177 1738 2219; baseline 0 -13"><span class='ocrx_word' id='word_1_232' title='bbox 328 2178 514 2206; x_wconf 66' lang='lat' dir='ltr'><strong>»Tollantur</strong></span> <span class='ocrx_word' id='word_1_233' title='bbox 541 2179 638 2208; x_wconf 80' lang='lat' dir='ltr'><strong>etiam</strong></span> <span class='ocrx_word' id='word_1_234' title='bbox 664 2180 904 2219; x_wconf 85' lang='lat' dir='ltr'><strong>impedimenta,</strong></span> <span class='ocrx_word' id='word_1_235' title='bbox 931 2190 1014 2219; x_wconf 82' lang='lat' dir='ltr'><strong>quac</strong></span> <span class='ocrx_word' id='word_1_236' title='bbox 1042 2181 1191 2209; x_wconf 86' lang='lat' dir='ltr'><strong>dicuntur</strong></span> <span class='ocrx_word' id='word_1_237' title='bbox 1216 2179 1416 2218; x_wconf 80' lang='lat' dir='ltr'><strong>cognationis</strong></span> <span class='ocrx_word' id='word_1_238' title='bbox 1443 2178 1557 2215; x_wconf 62' lang='lat' dir='ltr'><strong>legali:</strong></span> <span class='ocrx_word' id='word_1_239' title='bbox 1585 2181 1620 2207; x_wconf 86' lang='lat' dir='ltr'><strong>et</strong></span> <span class='ocrx_word' id='word_1_240' title='bbox 1640 2177 1738 2215; x_wconf 82' lang='lat' dir='ltr'><strong>just-i-</strong></span> 
     </span>
     <span class='ocr_line' id='line_1_36' title="bbox 228 2225 1736 2266; baseline -0.001 -12"><span class='ocrx_word' id='word_1_241' title='bbox 228 2225 294 2254; x_wconf 84' lang='lat' dir='ltr'><strong>itae</strong></span> <span class='ocrx_word' id='word_1_242' title='bbox 320 2225 468 2264; x_wconf 75' lang='lat' dir='ltr'><strong>publicae</strong></span> <span class='ocrx_word' id='word_1_243' title='bbox 495 2225 693 2263; x_wconf 72' lang='lat' dir='ltr'><strong>honestatis,</strong></span> <span class='ocrx_word' id='word_1_244' title='bbox 730 2230 762 2255; x_wconf 87' lang='lat' dir='ltr'><strong>et</strong></span> <span class='ocrx_word' id='word_1_245' title='bbox 788 2227 972 2256; x_wconf 80' lang='lat' dir='ltr'><strong>minuantur</strong></span> <span class='ocrx_word' id='word_1_246' title='bbox 998 2228 1227 2266; x_wconf 84' lang='lat' dir='ltr'><strong>impedimenta</strong></span> <span class='ocrx_word' id='word_1_247' title='bbox 1255 2225 1544 2263; x_wconf 77' lang='lat' dir='ltr'><strong>consanguinitatis</strong></span> <span class='ocrx_word' id='word_1_248' title='bbox 1573 2227 1606 2254; x_wconf 87' lang='lat' dir='ltr'><strong>et</strong></span> <span class='ocrx_word' id='word_1_249' title='bbox 1632 2225 1736 2253; x_wconf 85' lang='lat' dir='ltr'><strong>affini-</strong></span> 
     </span>
     <span class='ocr_line' id='line_1_37' title="bbox 227 2266 888 2311; baseline 0.002 -10"><span class='ocrx_word' id='word_1_250' title='bbox 227 2272 338 2301; x_wconf 56' lang='lat' dir='ltr'><strong>tatis«</strong></span> <span class='ocrx_word' id='word_1_251' title='bbox 389 2266 527 2310; x_wconf 85' lang='lat' dir='ltr'><strong>(Postul.</strong></span> <span class='ocrx_word' id='word_1_252' title='bbox 555 2272 666 2300; x_wconf 81' lang='lat' dir='ltr'><strong>Barth.</strong></span> <span class='ocrx_word' id='word_1_253' title='bbox 695 2282 714 2301; x_wconf 86' lang='lat' dir='ltr'><strong>a</strong></span> <span class='ocrx_word' id='word_1_254' title='bbox 740 2272 888 2311; x_wconf 84' lang='lat' dir='ltr'><strong>Martyr.)</strong></span> 
     </span>
    </p>

    <p class='ocr_par' dir='ltr' id='par_1_20' title="bbox 226 2318 1732 2450">
     <span class='ocr_line' id='line_1_38' title="bbox 324 2318 1732 2359; baseline 0 -13"><span class='ocrx_word' id='word_1_255' title='bbox 324 2318 393 2346; x_wconf 85' lang='lat' dir='ltr'><strong>»An</strong></span> <span class='ocrx_word' id='word_1_256' title='bbox 419 2318 585 2356; x_wconf 79' lang='lat' dir='ltr'><strong>expediret</strong></span> <span class='ocrx_word' id='word_1_257' title='bbox 613 2320 726 2348; x_wconf 86' lang='lat' dir='ltr'><strong>tollere</strong></span> <span class='ocrx_word' id='word_1_258' title='bbox 745 2321 851 2359; x_wconf 81' lang='lat' dir='ltr'><strong>quarti</strong></span> <span class='ocrx_word' id='word_1_259' title='bbox 878 2321 996 2358; x_wconf 81' lang='lat' dir='ltr'><strong>gradus</strong></span> <span class='ocrx_word' id='word_1_260' title='bbox 1016 2320 1222 2356; x_wconf 82' lang='lat' dir='ltr'><strong>affinitatem,</strong></span> <span class='ocrx_word' id='word_1_261' title='bbox 1249 2323 1281 2349; x_wconf 86' lang='lat' dir='ltr'><strong>ct</strong></span> <span class='ocrx_word' id='word_1_262' title='bbox 1298 2319 1628 2356; x_wconf 62' lang='lat' dir='ltr'><strong>consanguinitatem</strong></span> <span class='ocrx_word' id='word_1_263' title='bbox 1655 2318 1732 2346; x_wconf 88' lang='lat' dir='ltr'><strong>item</strong></span> 
     </span>
     <span class='ocr_line' id='line_1_39' title="bbox 226 2364 1729 2406; baseline 0 -13"><span class='ocrx_word' id='word_1_264' title='bbox 226 2365 455 2403; x_wconf 83' lang='lat' dir='ltr'><strong>impedimenta</strong></span> <span class='ocrx_word' id='word_1_265' title='bbox 481 2366 657 2403; x_wconf 81' lang='lat' dir='ltr'><strong>spiritualis</strong></span> <span class='ocrx_word' id='word_1_266' title='bbox 676 2367 981 2403; x_wconf 71' lang='lat' dir='ltr'><strong>consanguinitatis,</strong></span> <span class='ocrx_word' id='word_1_267' title='bbox 1010 2369 1087 2396; x_wconf 85' lang='lat' dir='ltr'><strong>item</strong></span> <span class='ocrx_word' id='word_1_268' title='bbox 1105 2367 1334 2406; x_wconf 83' lang='lat' dir='ltr'><strong>impedimenta</strong></span> <span class='ocrx_word' id='word_1_269' title='bbox 1351 2366 1500 2405; x_wconf 82' lang='lat' dir='ltr'><strong>publicae</strong></span> <span class='ocrx_word' id='word_1_270' title='bbox 1519 2364 1729 2395; x_wconf 62' lang='lat' dir='ltr'><strong>honestatis«</strong></span> 
     </span>
     <span class='ocr_line' id='line_1_40' title="bbox 228 2412 638 2450; baseline 0 -10"><span class='ocrx_word' id='word_1_271' title='bbox 228 2412 349 2441; x_wconf 86' lang='lat' dir='ltr'><strong>Postul.</strong></span> <span class='ocrx_word' id='word_1_272' title='bbox 377 2412 521 2450; x_wconf 75' lang='lat' dir='ltr'><strong>Episcop.</strong></span> <span class='ocrx_word' id='word_1_273' title='bbox 548 2412 638 2448; x_wconf 81' lang='lat' dir='ltr'><strong>Ital.)</strong></span> 
     </span>
    </p>

    <p class='ocr_par' dir='ltr' id='par_1_21' title="bbox 228 2458 1734 2545">
     <span class='ocr_line' id='line_1_41' title="bbox 324 2458 1734 2497; baseline 0 -11"><span class='ocrx_word' id='word_1_274' title='bbox 324 2459 469 2487; x_wconf 66' lang='lat' dir='ltr'><strong>»Gradus</strong></span> <span class='ocrx_word' id='word_1_275' title='bbox 494 2459 806 2497; x_wconf 76' lang='lat' dir='ltr'><strong>consanguinitatis,</strong></span> <span class='ocrx_word' id='word_1_276' title='bbox 835 2462 866 2488; x_wconf 87' lang='lat' dir='ltr'><strong>ct</strong></span> <span class='ocrx_word' id='word_1_277' title='bbox 892 2460 1074 2496; x_wconf 76' lang='lat' dir='ltr'><strong>affinitatis,</strong></span> <span class='ocrx_word' id='word_1_278' title='bbox 1102 2463 1133 2488; x_wconf 83' lang='lat' dir='ltr'><strong>et</strong></span> <span class='ocrx_word' id='word_1_279' title='bbox 1159 2459 1357 2497; x_wconf 75' lang='lat' dir='ltr'><strong>cognationis</strong></span> <span class='ocrx_word' id='word_1_280' title='bbox 1400 2458 1576 2497; x_wconf 87' lang='lat' dir='ltr'><strong>spiritualis</strong></span> <span class='ocrx_word' id='word_1_281' title='bbox 1602 2460 1734 2497; x_wconf 84' lang='lat' dir='ltr'><strong>possent</strong></span> 
     </span>
     <span class='ocr_line' id='line_1_42' title="bbox 228 2503 1580 2545; baseline -0.001 -12"><span class='ocrx_word' id='word_1_282' title='bbox 228 2505 338 2541; x_wconf 87' lang='lat' dir='ltr'><strong>minui,</strong></span> <span class='ocrx_word' id='word_1_283' title='bbox 367 2511 400 2533; x_wconf 90' lang='lat' dir='ltr'><strong>ut</strong></span> <span class='ocrx_word' id='word_1_284' title='bbox 429 2506 586 2534; x_wconf 84' lang='lat' dir='ltr'><strong>tollantur</strong></span> <span class='ocrx_word' id='word_1_285' title='bbox 611 2506 887 2545; x_wconf 84' lang='lat' dir='ltr'><strong>dispensationum</strong></span> <span class='ocrx_word' id='word_1_286' title='bbox 913 2516 1063 2535; x_wconf 61' lang='lat' dir='ltr'><strong>causae«</strong></span> <span class='ocrx_word' id='word_1_287' title='bbox 1115 2506 1249 2542; x_wconf 87' lang='lat' dir='ltr'><strong>(Postul.</strong></span> <span class='ocrx_word' id='word_1_288' title='bbox 1277 2506 1437 2534; x_wconf 80' lang='lat' dir='ltr'><strong>variorum</strong></span> <span class='ocrx_word' id='word_1_289' title='bbox 1463 2503 1580 2543; x_wconf 83' lang='lat' dir='ltr'><strong>Episc.)</strong></span> 
     </span>
    </p>

    <p class='ocr_par' dir='ltr' id='par_1_22' title="bbox 224 2551 1732 2779">
     <span class='ocr_line' id='line_1_43' title="bbox 326 2551 1732 2591; baseline 0 -11"><span class='ocrx_word' id='word_1_290' title='bbox 326 2552 411 2581; x_wconf 70' lang='lat' dir='ltr'><strong>»Nec</strong></span> <span class='ocrx_word' id='word_1_291' title='bbox 445 2555 599 2591; x_wconf 80' lang='lat' dir='ltr'><strong>quartus,</strong></span> <span class='ocrx_word' id='word_1_292' title='bbox 639 2562 696 2582; x_wconf 88' lang='lat' dir='ltr'><strong>nec</strong></span> <span class='ocrx_word' id='word_1_293' title='bbox 731 2553 844 2581; x_wconf 85' lang='lat' dir='ltr'><strong>tertius</strong></span> <span class='ocrx_word' id='word_1_294' title='bbox 879 2553 976 2582; x_wconf 81' lang='lat' dir='ltr'><strong>etiam</strong></span> <span class='ocrx_word' id='word_1_295' title='bbox 1003 2553 1193 2589; x_wconf 81' lang='lat' dir='ltr'><strong>affinitatis,</strong></span> <span class='ocrx_word' id='word_1_296' title='bbox 1233 2551 1586 2590; x_wconf 82' lang='lat' dir='ltr'><strong>consanguinitatisque</strong></span> <span class='ocrx_word' id='word_1_297' title='bbox 1612 2551 1732 2588; x_wconf 86' lang='lat' dir='ltr'><strong>gradus</strong></span> 
     </span>
     <span class='ocr_line' id='line_1_44' title="bbox 227 2598 1731 2638; baseline -0.001 -10"><span class='ocrx_word' id='word_1_298' title='bbox 227 2599 445 2628; x_wconf 85' lang='lat' dir='ltr'><strong>contrahendo</strong></span> <span class='ocrx_word' id='word_1_299' title='bbox 477 2599 558 2627; x_wconf 88' lang='lat' dir='ltr'><strong>nihil</strong></span> <span class='ocrx_word' id='word_1_300' title='bbox 591 2599 720 2628; x_wconf 82' lang='lat' dir='ltr'><strong>obstent</strong></span> <span class='ocrx_word' id='word_1_301' title='bbox 745 2599 953 2638; x_wconf 79' lang='lat' dir='ltr'><strong>imposterum</strong></span> <span class='ocrx_word' id='word_1_302' title='bbox 986 2600 1129 2637; x_wconf 84' lang='lat' dir='ltr'><strong>legitimo</strong></span> <span class='ocrx_word' id='word_1_303' title='bbox 1164 2598 1376 2628; x_wconf 84' lang='lat' dir='ltr'><strong>matrimonio.</strong></span> <span class='ocrx_word' id='word_1_304' title='bbox 1404 2613 1447 2617; x_wconf 90' lang='lat'><strong>-—</strong></span> <span class='ocrx_word' id='word_1_305' title='bbox 1478 2598 1598 2627; x_wconf 85' lang='lat' dir='ltr'><strong>»Nulla</strong></span> <span class='ocrx_word' id='word_1_306' title='bbox 1632 2598 1731 2627; x_wconf 87' lang='lat' dir='ltr'><strong>etiam</strong></span> 
     </span>
     <span class='ocr_line' id='line_1_45' title="bbox 225 2642 1731 2686; baseline -0.001 -12"><span class='ocrx_word' id='word_1_307' title='bbox 225 2645 317 2674; x_wconf 87' lang='lat' dir='ltr'><strong>obest</strong></span> <span class='ocrx_word' id='word_1_308' title='bbox 342 2642 561 2675; x_wconf 82' lang='lat' dir='ltr'><strong>contrahendo</strong></span> <span class='ocrx_word' id='word_1_309' title='bbox 586 2646 736 2683; x_wconf 79' lang='lat' dir='ltr'><strong>cognatio</strong></span> <span class='ocrx_word' id='word_1_310' title='bbox 762 2647 958 2684; x_wconf 75' lang='lat' dir='ltr'><strong>spiritualis,</strong></span> <span class='ocrx_word' id='word_1_311' title='bbox 997 2656 1094 2686; x_wconf 85' lang='lat' dir='ltr'><strong>quam</strong></span> <span class='ocrx_word' id='word_1_312' title='bbox 1124 2656 1207 2686; x_wconf 84' lang='lat' dir='ltr'><strong>quae</strong></span> <span class='ocrx_word' id='word_1_313' title='bbox 1233 2647 1377 2674; x_wconf 84' lang='lat' dir='ltr'><strong>levatum</strong></span> <span class='ocrx_word' id='word_1_314' title='bbox 1401 2646 1485 2674; x_wconf 88' lang='lat' dir='ltr'><strong>inter</strong></span> <span class='ocrx_word' id='word_1_315' title='bbox 1510 2647 1542 2673; x_wconf 89' lang='lat' dir='ltr'><strong>et</strong></span> <span class='ocrx_word' id='word_1_316' title='bbox 1568 2645 1731 2673; x_wconf 85' lang='lat' dir='ltr'><strong>levantem</strong></span> 
     </span>
     <span class='ocr_line' id='line_1_46' title="bbox 226 2692 1732 2732; baseline -0.001 -12"><span class='ocrx_word' id='word_1_317' title='bbox 226 2693 358 2721; x_wconf 85' lang='lat' dir='ltr'><strong>oritur.«</strong></span> <span class='ocrx_word' id='word_1_318' title='bbox 389 2707 430 2711; x_wconf 73' lang='lat'><strong>—-</strong></span> <span class='ocrx_word' id='word_1_319' title='bbox 459 2692 611 2721; x_wconf 86' lang='lat' dir='ltr'><strong>Publicae</strong></span> <span class='ocrx_word' id='word_1_320' title='bbox 641 2702 715 2722; x_wconf 89' lang='lat' dir='ltr'><strong>vero</strong></span> <span class='ocrx_word' id='word_1_321' title='bbox 741 2693 921 2722; x_wconf 82' lang='lat' dir='ltr'><strong>honestatis</strong></span> <span class='ocrx_word' id='word_1_322' title='bbox 947 2694 1210 2732; x_wconf 86' lang='lat' dir='ltr'><strong>impedimentum</strong></span> <span class='ocrx_word' id='word_1_323' title='bbox 1235 2694 1332 2729; x_wconf 85' lang='lat' dir='ltr'><strong>vulgo</strong></span> <span class='ocrx_word' id='word_1_324' title='bbox 1351 2692 1471 2721; x_wconf 82' lang='lat' dir='ltr'><strong>dietum</strong></span> <span class='ocrx_word' id='word_1_325' title='bbox 1489 2692 1616 2721; x_wconf 90' lang='lat' dir='ltr'><strong>omnino</strong></span> <span class='ocrx_word' id='word_1_326' title='bbox 1642 2699 1732 2720; x_wconf 86' lang='lat' dir='ltr'><strong>revo-</strong></span> 
     </span>
     <span class='ocr_line' id='line_1_47' title="bbox 224 2737 1276 2779; baseline -0.002 -10"><span class='ocrx_word' id='word_1_327' title='bbox 224 2739 364 2769; x_wconf 81' lang='lat' dir='ltr'><strong>candum</strong></span> <span class='ocrx_word' id='word_1_328' title='bbox 389 2738 430 2767; x_wconf 88' lang='lat' dir='ltr'><strong>ab</strong></span> <span class='ocrx_word' id='word_1_329' title='bbox 457 2739 616 2779; x_wconf 85' lang='lat' dir='ltr'><strong>aliquibus</strong></span> <span class='ocrx_word' id='word_1_330' title='bbox 643 2742 821 2768; x_wconf 84' lang='lat' dir='ltr'><strong>censetur.«</strong></span> <span class='ocrx_word' id='word_1_331' title='bbox 875 2738 1011 2777; x_wconf 86' lang='lat' dir='ltr'><strong>(Postul.</strong></span> <span class='ocrx_word' id='word_1_332' title='bbox 1038 2740 1134 2777; x_wconf 82' lang='lat' dir='ltr'><strong>Regis</strong></span> <span class='ocrx_word' id='word_1_333' title='bbox 1162 2737 1276 2773; x_wconf 86' lang='lat' dir='ltr'><strong>Lusit.)</strong></span> 
     </span>
    </p>

    <p class='ocr_par' dir='ltr' id='par_1_23' title="bbox 224 2781 1729 2872">
     <span class='ocr_line' id='line_1_48' title="bbox 326 2781 1729 2826; baseline -0.001 -12"><span class='ocrx_word' id='word_1_334' title='bbox 326 2786 392 2814; x_wconf 61' lang='lat' dir='ltr'><strong>»An</strong></span> <span class='ocrx_word' id='word_1_335' title='bbox 419 2785 613 2815; x_wconf 83' lang='lat' dir='ltr'><strong>moderanda</strong></span> <span class='ocrx_word' id='word_1_336' title='bbox 638 2790 721 2815; x_wconf 83' lang='lat' dir='ltr'><strong>esset</strong></span> <span class='ocrx_word' id='word_1_337' title='bbox 748 2788 800 2815; x_wconf 89' lang='lat' dir='ltr'><strong>lex</strong></span> <span class='ocrx_word' id='word_1_338' title='bbox 826 2787 864 2816; x_wconf 88' lang='lat' dir='ltr'><strong>de</strong></span> <span class='ocrx_word' id='word_1_339' title='bbox 892 2790 1035 2826; x_wconf 86' lang='lat' dir='ltr'><strong>tempore</strong></span> <span class='ocrx_word' id='word_1_340' title='bbox 1059 2796 1121 2826; x_wconf 87' lang='lat' dir='ltr'><strong>quo</strong></span> <span class='ocrx_word' id='word_1_341' title='bbox 1147 2787 1280 2825; x_wconf 88' lang='lat' dir='ltr'><strong>nuptiae</strong></span> <span class='ocrx_word' id='word_1_342' title='bbox 1298 2784 1538 2824; x_wconf 82' lang='lat' dir='ltr'><strong>p1·ohibentur.‹&lt;</strong></span> <span class='ocrx_word' id='word_1_343' title='bbox 1593 2781 1729 2820; x_wconf 82' lang='lat' dir='ltr'><strong>(Postul.</strong></span> 
     </span>
     <span class='ocr_line' id='line_1_49' title="bbox 224 2831 490 2872; baseline -0.004 -11"><span class='ocrx_word' id='word_1_344' title='bbox 224 2831 371 2872; x_wconf 85' lang='lat' dir='ltr'><strong>Episcop.</strong></span> <span class='ocrx_word' id='word_1_345' title='bbox 398 2831 490 2869; x_wconf 86' lang='lat' dir='ltr'><strong>Ital.)</strong></span> 
     </span>
    </p>
   </div>
  </div>
 </body>
</html>
