<?xml version="1.0" encoding="UTF-8"?>
<!DOCTYPE html PUBLIC "-//W3C//DTD XHTML 1.0 Transitional//EN"
    "http://www.w3.org/TR/xhtml1/DTD/xhtml1-transitional.dtd">
<html xmlns="http://www.w3.org/1999/xhtml" xml:lang="en" lang="en">
 <head>
  <title>
</title>
<meta http-equiv="Content-Type" content="text/html;charset=utf-8" />
  <meta name='ocr-system' content='tesseract 3.04.00' />
  <meta name='ocr-capabilities' content='ocr_page ocr_carea ocr_par ocr_line ocrx_word'/>
</head>
<body>
  <div class='ocr_page' id='page_1' title='image "./aktenstuckediea00frie_0303.png"; bbox 0 0 1812 3088; ppageno 0'>
   <div class='ocr_carea' id='block_1_1' title="bbox 629 119 1561 168">
    <p class='ocr_par' dir='ltr' id='par_1_1' title="bbox 629 119 1561 168">
     <span class='ocr_line' id='line_1_1' title="bbox 629 119 1561 168; baseline 0.01 -9"><span class='ocrx_word' id='word_1_1' title='bbox 629 123 882 160; x_wconf 74' lang='lat' dir='ltr'>Aktenstfieke</span> <span class='ocrx_word' id='word_1_2' title='bbox 906 119 1023 159; x_wconf 78' lang='lat' dir='ltr'><strong>XJH*.</strong></span> <span class='ocrx_word' id='word_1_3' title='bbox 1478 126 1561 168; x_wconf 88' lang='grc'>289</span> 
     </span>
    </p>
   </div>
   <div class='ocr_carea' id='block_1_2' title="bbox 69 238 1564 342">
    <p class='ocr_par' dir='ltr' id='par_1_2' title="bbox 69 238 1564 342">
     <span class='ocr_line' id='line_1_2' title="bbox 69 238 1564 288; baseline -0.003 -9"><span class='ocrx_word' id='word_1_4' title='bbox 69 242 241 288; x_wconf 77' lang='lat' dir='ltr'><strong>speciales</strong></span> <span class='ocrx_word' id='word_1_5' title='bbox 266 242 409 286; x_wconf 87' lang='lat' dir='ltr'>aliquas</span> <span class='ocrx_word' id='word_1_6' title='bbox 434 239 575 275; x_wconf 84' lang='lat' dir='ltr'>scholas</span> <span class='ocrx_word' id='word_1_7' title='bbox 591 238 738 273; x_wconf 86' lang='lat' dir='ltr'>institui</span> <span class='ocrx_word' id='word_1_8' title='bbox 761 238 800 273; x_wconf 92' lang='lat' dir='ltr'>in</span> <span class='ocrx_word' id='word_1_9' title='bbox 826 238 957 282; x_wconf 88' lang='lat' dir='ltr'>quibus</span> <span class='ocrx_word' id='word_1_10' title='bbox 983 239 1020 273; x_wconf 89' lang='lat' dir='ltr'>et</span> <span class='ocrx_word' id='word_1_11' title='bbox 1044 250 1104 274; x_wconf 85' lang='lat' dir='ltr'>ars</span> <span class='ocrx_word' id='word_1_12' title='bbox 1129 239 1291 283; x_wconf 88' lang='lat' dir='ltr'>docendi,</span> <span class='ocrx_word' id='word_1_13' title='bbox 1317 242 1355 275; x_wconf 86' lang='lat' dir='ltr'>et</span> <span class='ocrx_word' id='word_1_14' title='bbox 1370 251 1429 275; x_wconf 90' lang='lat' dir='ltr'>ars</span> <span class='ocrx_word' id='word_1_15' title='bbox 1454 240 1564 276; x_wconf 89' lang='lat' dir='ltr'>altior</span> 
     </span>
     <span class='ocr_line' id='line_1_3' title="bbox 70 296 1504 342; baseline -0.003 -4"><span class='ocrx_word' id='word_1_16' title='bbox 70 303 107 338; x_wconf 88' lang='lat' dir='ltr'>et</span> <span class='ocrx_word' id='word_1_17' title='bbox 131 301 313 338; x_wconf 84' lang='lat' dir='ltr'>difficilior</span> <span class='ocrx_word' id='word_1_18' title='bbox 337 300 492 336; x_wconf 87' lang='lat' dir='ltr'>virtutes</span> <span class='ocrx_word' id='word_1_19' title='bbox 516 297 698 333; x_wconf 79' lang='lat' dir='ltr'>clericales</span> <span class='ocrx_word' id='word_1_20' title='bbox 722 297 761 331; x_wconf 91' lang='lat' dir='ltr'>in</span> <span class='ocrx_word' id='word_1_21' title='bbox 782 296 980 342; x_wconf 85' lang='lat' dir='ltr'>juvenibus</span> <span class='ocrx_word' id='word_1_22' title='bbox 1005 296 1223 332; x_wconf 88' lang='lat' dir='ltr'>efformandi</span> <span class='ocrx_word' id='word_1_23' title='bbox 1247 297 1504 334; x_wconf 86' lang='lat' dir='ltr'>addisceretur.</span> 
     </span>
    </p>
   </div>
   <div class='ocr_carea' id='block_1_3' title="bbox 205 402 1434 452">
    <p class='ocr_par' dir='ltr' id='par_1_3' title="bbox 205 402 1434 452">
     <span class='ocr_line' id='line_1_4' title="bbox 205 402 1434 452; baseline -0.003 -10"><span class='ocrx_word' id='word_1_24' title='bbox 205 408 258 442; x_wconf 90' lang='lat' dir='ltr'>De</span> <span class='ocrx_word' id='word_1_25' title='bbox 281 406 528 452; x_wconf 87' lang='lat' dir='ltr'>promovendo</span> <span class='ocrx_word' id='word_1_26' title='bbox 553 405 591 439; x_wconf 91' lang='lat' dir='ltr'>in</span> <span class='ocrx_word' id='word_1_27' title='bbox 616 402 827 439; x_wconf 83' lang='lat' dir='ltr'>Seminariis</span> <span class='ocrx_word' id='word_1_28' title='bbox 851 414 1039 438; x_wconf 88' lang='lat' dir='ltr'>sacrarum</span> <span class='ocrx_word' id='word_1_29' title='bbox 1064 403 1276 449; x_wconf 84' lang='lat' dir='ltr'>linguarum</span> <span class='ocrx_word' id='word_1_30' title='bbox 1302 404 1434 439; x_wconf 88' lang='lat' dir='ltr'>studio.</span> 
     </span>
    </p>
   </div>
   <div class='ocr_carea' id='block_1_4' title="bbox 67 472 1566 1624">
    <p class='ocr_par' dir='ltr' id='par_1_4' title="bbox 70 472 1566 1214">
     <span class='ocr_line' id='line_1_5' title="bbox 164 472 1564 517; baseline -0.004 -5"><span class='ocrx_word' id='word_1_31' title='bbox 164 476 411 512; x_wconf 73' lang='lat' dir='ltr'>Revelationis</span> <span class='ocrx_word' id='word_1_32' title='bbox 455 475 602 510; x_wconf 89' lang='lat' dir='ltr'>divinae</span> <span class='ocrx_word' id='word_1_33' title='bbox 641 472 842 509; x_wconf 85' lang='lat' dir='ltr'>adversarii</span> <span class='ocrx_word' id='word_1_34' title='bbox 881 472 974 507; x_wconf 83' lang='lat' dir='ltr'>nihil</span> <span class='ocrx_word' id='word_1_35' title='bbox 1009 473 1237 508; x_wconf 87' lang='lat' dir='ltr'>intentatum</span> <span class='ocrx_word' id='word_1_36' title='bbox 1273 473 1485 517; x_wconf 87' lang='lat' dir='ltr'>relinquunt</span> <span class='ocrx_word' id='word_1_37' title='bbox 1522 475 1564 508; x_wconf 77' lang='lat' dir='ltr'>ut</span> 
     </span>
     <span class='ocr_line' id='line_1_6' title="bbox 71 531 1564 576; baseline -0.004 -5"><span class='ocrx_word' id='word_1_38' title='bbox 71 546 256 571; x_wconf 70' lang='lat' dir='ltr'>sacrorum</span> <span class='ocrx_word' id='word_1_39' title='bbox 279 534 457 570; x_wconf 87' lang='lat' dir='ltr'>librorum</span> <span class='ocrx_word' id='word_1_40' title='bbox 475 531 972 576; x_wconf 32' lang='lat' dir='ltr'>auctoritatemzconvellanu</span> <span class='ocrx_word' id='word_1_41' title='bbox 999 532 1036 565; x_wconf 93' lang='lat' dir='ltr'>et</span> <span class='ocrx_word' id='word_1_42' title='bbox 1060 532 1107 566; x_wconf 88' lang='lat' dir='ltr'>ad</span> <span class='ocrx_word' id='word_1_43' title='bbox 1124 532 1222 566; x_wconf 89' lang='lat' dir='ltr'>hunc</span> <span class='ocrx_word' id='word_1_44' title='bbox 1236 531 1433 576; x_wconf 87' lang='lat' dir='ltr'>pessimum</span> <span class='ocrx_word' id='word_1_45' title='bbox 1454 532 1564 566; x_wconf 88' lang='lat' dir='ltr'>finem</span> 
     </span>
     <span class='ocr_line' id='line_1_7' title="bbox 70 589 1565 636; baseline -0.003 -9"><span class='ocrx_word' id='word_1_46' title='bbox 70 592 344 636; x_wconf 86' lang='lat' dir='ltr'>assequendum,</span> <span class='ocrx_word' id='word_1_47' title='bbox 368 591 504 625; x_wconf 87' lang='lat' dir='ltr'>multas</span> <span class='ocrx_word' id='word_1_48' title='bbox 529 589 749 635; x_wconf 88' lang='lat' dir='ltr'>objectiones</span> <span class='ocrx_word' id='word_1_49' title='bbox 773 590 983 633; x_wconf 79' lang='lat' dir='ltr'>depromere</span> <span class='ocrx_word' id='word_1_50' title='bbox 1009 589 1170 634; x_wconf 84' lang='lat' dir='ltr'>maligne</span> <span class='ocrx_word' id='word_1_51' title='bbox 1195 590 1345 624; x_wconf 89' lang='lat' dir='ltr'>student</span> <span class='ocrx_word' id='word_1_52' title='bbox 1369 600 1412 624; x_wconf 87' lang='lat' dir='ltr'>ex</span> <span class='ocrx_word' id='word_1_53' title='bbox 1436 589 1565 634; x_wconf 90' lang='lat' dir='ltr'>primi-</span> 
     </span>
     <span class='ocr_line' id='line_1_8' title="bbox 71 646 1565 696; baseline -0.003 -10"><span class='ocrx_word' id='word_1_54' title='bbox 71 650 188 696; x_wconf 89' lang='lat' dir='ltr'>geniis</span> <span class='ocrx_word' id='word_1_55' title='bbox 212 649 408 685; x_wconf 85' lang='lat' dir='ltr'>bibliorum</span> <span class='ocrx_word' id='word_1_56' title='bbox 431 647 686 688; x_wconf 73' lang='lat' dir='ltr'>idiomatibus,</span> <span class='ocrx_word' id='word_1_57' title='bbox 712 646 929 692; x_wconf 86' lang='lat' dir='ltr'>praesertim</span> <span class='ocrx_word' id='word_1_58' title='bbox 953 658 996 681; x_wconf 84' lang='lat' dir='ltr'>ex</span> <span class='ocrx_word' id='word_1_59' title='bbox 1020 647 1194 682; x_wconf 68' lang='lat' dir='ltr'>hebraica</span> <span class='ocrx_word' id='word_1_60' title='bbox 1227 647 1373 692; x_wconf 86' lang='lat' dir='ltr'>lingua,</span> <span class='ocrx_word' id='word_1_61' title='bbox 1411 647 1565 691; x_wconf 85' lang='lat' dir='ltr'>aliisque</span> 
     </span>
     <span class='ocr_line' id='line_1_9' title="bbox 71 705 1562 753; baseline -0.003 -11"><span class='ocrx_word' id='word_1_62' title='bbox 71 707 208 753; x_wconf 84' lang='lat' dir='ltr'>linguis</span> <span class='ocrx_word' id='word_1_63' title='bbox 231 706 413 742; x_wconf 86' lang='lat' dir='ltr'>semiticis.</span> <span class='ocrx_word' id='word_1_64' title='bbox 461 705 578 741; x_wconf 81' lang='lat' dir='ltr'>Valde</span> <span class='ocrx_word' id='word_1_65' title='bbox 601 705 717 750; x_wconf 87' lang='lat' dir='ltr'>igitur</span> <span class='ocrx_word' id='word_1_66' title='bbox 736 705 942 749; x_wconf 88' lang='lat' dir='ltr'>optandum</span> <span class='ocrx_word' id='word_1_67' title='bbox 959 706 1024 746; x_wconf 89' lang='lat' dir='ltr'>est,</span> <span class='ocrx_word' id='word_1_68' title='bbox 1050 705 1123 740; x_wconf 89' lang='lat' dir='ltr'>imo</span> <span class='ocrx_word' id='word_1_69' title='bbox 1140 716 1287 750; x_wconf 80' lang='lat' dir='ltr'>prorsus</span> <span class='ocrx_word' id='word_1_70' title='bbox 1305 705 1562 747; x_wconf 86' lang='lat' dir='ltr'>necessarium,</span> 
     </span>
     <span class='ocr_line' id='line_1_10' title="bbox 71 761 1565 809; baseline -0.003 -8"><span class='ocrx_word' id='word_1_71' title='bbox 71 767 114 801; x_wconf 89' lang='lat' dir='ltr'>ut</span> <span class='ocrx_word' id='word_1_72' title='bbox 137 765 236 809; x_wconf 82' lang='lat' dir='ltr'>apud</span> <span class='ocrx_word' id='word_1_73' title='bbox 273 763 469 799; x_wconf 86' lang='lat' dir='ltr'>catholicos</span> <span class='ocrx_word' id='word_1_74' title='bbox 504 774 577 797; x_wconf 88' lang='lat' dir='ltr'>non</span> <span class='ocrx_word' id='word_1_75' title='bbox 610 763 795 806; x_wconf 87' lang='lat' dir='ltr'>torpescat</span> <span class='ocrx_word' id='word_1_76' title='bbox 828 761 963 796; x_wconf 86' lang='lat' dir='ltr'>harum</span> <span class='ocrx_word' id='word_1_77' title='bbox 998 761 1212 806; x_wconf 85' lang='lat' dir='ltr'>linguarum</span> <span class='ocrx_word' id='word_1_78' title='bbox 1247 763 1420 797; x_wconf 84' lang='lat' dir='ltr'>studium.</span> <span class='ocrx_word' id='word_1_79' title='bbox 1471 762 1565 804; x_wconf 82' lang='lat' dir='ltr'>Qua-</span> 
     </span>
     <span class='ocr_line' id='line_1_11' title="bbox 70 819 1565 868; baseline -0.002 -11"><span class='ocrx_word' id='word_1_80' title='bbox 70 824 232 868; x_wconf 76' lang='lat' dir='ltr'>propter,</span> <span class='ocrx_word' id='word_1_81' title='bbox 267 822 308 857; x_wconf 90' lang='lat' dir='ltr'>in</span> <span class='ocrx_word' id='word_1_82' title='bbox 331 821 501 858; x_wconf 88' lang='lat' dir='ltr'>omnibus</span> <span class='ocrx_word' id='word_1_83' title='bbox 527 820 738 855; x_wconf 88' lang='lat' dir='ltr'>clericorum</span> <span class='ocrx_word' id='word_1_84' title='bbox 765 819 988 861; x_wconf 84' lang='lat' dir='ltr'>seminariis,</span> <span class='ocrx_word' id='word_1_85' title='bbox 1014 820 1195 855; x_wconf 84' lang='lat' dir='ltr'>tradenda</span> <span class='ocrx_word' id='word_1_86' title='bbox 1220 822 1321 862; x_wconf 77' lang='lat' dir='ltr'>esset,</span> <span class='ocrx_word' id='word_1_87' title='bbox 1348 820 1480 855; x_wconf 84' lang='lat' dir='ltr'>saltem</span> <span class='ocrx_word' id='word_1_88' title='bbox 1504 831 1565 865; x_wconf 87' lang='lat' dir='ltr'>pe—</span> 
     </span>
     <span class='ocr_line' id='line_1_12' title="bbox 70 878 1566 923; baseline -0.002 -7"><span class='ocrx_word' id='word_1_89' title='bbox 70 880 257 916; x_wconf 78' lang='lat' dir='ltr'>ritioribus</span> <span class='ocrx_word' id='word_1_90' title='bbox 281 878 459 920; x_wconf 89' lang='lat' dir='ltr'>alumnis,</span> <span class='ocrx_word' id='word_1_91' title='bbox 495 879 692 914; x_wconf 76' lang='lat' dir='ltr'>hebraicae</span> <span class='ocrx_word' id='word_1_92' title='bbox 716 878 866 923; x_wconf 80' lang='lat' dir='ltr'>linguae</span> <span class='ocrx_word' id='word_1_93' title='bbox 891 879 1071 913; x_wconf 88' lang='lat' dir='ltr'>sufficiens</span> <span class='ocrx_word' id='word_1_94' title='bbox 1097 879 1249 921; x_wconf 89' lang='lat' dir='ltr'>notitia,</span> <span class='ocrx_word' id='word_1_95' title='bbox 1287 880 1329 914; x_wconf 91' lang='lat' dir='ltr'>ut</span> <span class='ocrx_word' id='word_1_96' title='bbox 1354 878 1460 914; x_wconf 87' lang='lat' dir='ltr'>facile</span> <span class='ocrx_word' id='word_1_97' title='bbox 1484 890 1566 923; x_wconf 91' lang='lat' dir='ltr'>pos·</span> 
     </span>
     <span class='ocr_line' id='line_1_13' title="bbox 70 936 1565 984; baseline -0.003 -10"><span class='ocrx_word' id='word_1_98' title='bbox 70 940 162 980; x_wconf 88' lang='lat' dir='ltr'>sent,</span> <span class='ocrx_word' id='word_1_99' title='bbox 200 937 356 984; x_wconf 80' lang='lat' dir='ltr'>privatis</span> <span class='ocrx_word' id='word_1_100' title='bbox 380 938 506 983; x_wconf 89' lang='lat' dir='ltr'>postea</span> <span class='ocrx_word' id='word_1_101' title='bbox 531 936 660 971; x_wconf 87' lang='lat' dir='ltr'>studiis</span> <span class='ocrx_word' id='word_1_102' title='bbox 676 964 683 978; x_wconf 93' lang='lat'>‚</span> <span class='ocrx_word' id='word_1_103' title='bbox 721 936 770 971; x_wconf 86' lang='lat' dir='ltr'>ad</span> <span class='ocrx_word' id='word_1_104' title='bbox 805 936 1006 980; x_wconf 84' lang='lat' dir='ltr'>pleniorem</span> <span class='ocrx_word' id='word_1_105' title='bbox 1041 937 1150 982; x_wconf 83' lang='lat' dir='ltr'>hujus</span> <span class='ocrx_word' id='word_1_106' title='bbox 1188 937 1337 982; x_wconf 82' lang='lat' dir='ltr'>linguae</span> <span class='ocrx_word' id='word_1_107' title='bbox 1375 936 1565 971; x_wconf 89' lang='lat' dir='ltr'>scientiam</span> 
     </span>
     <span class='ocr_line' id='line_1_14' title="bbox 70 994 1565 1041; baseline -0.001 -10"><span class='ocrx_word' id='word_1_108' title='bbox 70 1007 246 1040; x_wconf 86' lang='lat' dir='ltr'>usumque</span> <span class='ocrx_word' id='word_1_109' title='bbox 270 995 470 1041; x_wconf 75' lang='lat' dir='ltr'>pervenire.</span> <span class='ocrx_word' id='word_1_110' title='bbox 519 996 639 1040; x_wconf 85' lang='lat' dir='ltr'>Turpe</span> <span class='ocrx_word' id='word_1_111' title='bbox 664 994 844 1038; x_wconf 82' lang='lat' dir='ltr'>siquidem</span> <span class='ocrx_word' id='word_1_112' title='bbox 869 994 963 1029; x_wconf 88' lang='lat' dir='ltr'>foret</span> <span class='ocrx_word' id='word_1_113' title='bbox 988 994 1184 1029; x_wconf 81' lang='lat' dir='ltr'>Ecclesiam</span> <span class='ocrx_word' id='word_1_114' title='bbox 1210 995 1447 1037; x_wconf 72' lang='lat' dir='ltr'>catholicam,</span> <span class='ocrx_word' id='word_1_115' title='bbox 1472 1006 1565 1039; x_wconf 92' lang='lat' dir='ltr'>quae</span> 
     </span>
     <span class='ocr_line' id='line_1_15' title="bbox 71 1052 1564 1098; baseline -0.001 -9"><span class='ocrx_word' id='word_1_116' title='bbox 71 1065 158 1089; x_wconf 85' lang='lat' dir='ltr'>vera</span> <span class='ocrx_word' id='word_1_117' title='bbox 184 1055 238 1089; x_wconf 86' lang='lat' dir='ltr'>est</span> <span class='ocrx_word' id='word_1_118' title='bbox 263 1065 450 1089; x_wconf 86' lang='lat' dir='ltr'>sacrorum</span> <span class='ocrx_word' id='word_1_119' title='bbox 473 1054 650 1088; x_wconf 87' lang='lat' dir='ltr'>librorum</span> <span class='ocrx_word' id='word_1_120' title='bbox 683 1054 803 1088; x_wconf 88' lang='lat' dir='ltr'>custos</span> <span class='ocrx_word' id='word_1_121' title='bbox 837 1055 873 1088; x_wconf 89' lang='lat' dir='ltr'>et</span> <span class='ocrx_word' id='word_1_122' title='bbox 897 1053 1095 1098; x_wconf 74' lang='lat' dir='ltr'>interpres,</span> <span class='ocrx_word' id='word_1_123' title='bbox 1133 1053 1254 1088; x_wconf 90' lang='lat' dir='ltr'>studio</span> <span class='ocrx_word' id='word_1_124' title='bbox 1288 1052 1500 1098; x_wconf 87' lang='lat' dir='ltr'>linguarum</span> <span class='ocrx_word' id='word_1_125' title='bbox 1526 1052 1564 1087; x_wconf 90' lang='lat' dir='ltr'>in</span> 
     </span>
     <span class='ocr_line' id='line_1_16' title="bbox 70 1111 1564 1157; baseline -0.002 -10"><span class='ocrx_word' id='word_1_126' title='bbox 70 1112 202 1156; x_wconf 90' lang='lat' dir='ltr'>quibus</span> <span class='ocrx_word' id='word_1_127' title='bbox 225 1112 413 1157; x_wconf 76' lang='lat' dir='ltr'>primitive</span> <span class='ocrx_word' id='word_1_128' title='bbox 437 1111 565 1156; x_wconf 86' lang='lat' dir='ltr'>scripti</span> <span class='ocrx_word' id='word_1_129' title='bbox 589 1113 675 1146; x_wconf 87' lang='lat' dir='ltr'>sunt</span> <span class='ocrx_word' id='word_1_130' title='bbox 699 1111 755 1145; x_wconf 89' lang='lat' dir='ltr'>illi</span> <span class='ocrx_word' id='word_1_131' title='bbox 779 1111 876 1153; x_wconf 81' lang='lat' dir='ltr'>libri,</span> <span class='ocrx_word' id='word_1_132' title='bbox 903 1111 1079 1146; x_wconf 83' lang='lat' dir='ltr'>minorem</span> <span class='ocrx_word' id='word_1_133' title='bbox 1111 1111 1226 1146; x_wconf 87' lang='lat' dir='ltr'>zelum</span> <span class='ocrx_word' id='word_1_134' title='bbox 1252 1122 1294 1146; x_wconf 87' lang='lat' dir='ltr'>ac</span> <span class='ocrx_word' id='word_1_135' title='bbox 1318 1112 1564 1156; x_wconf 68' lang='lat' dir='ltr'>protestantes</span> 
     </span>
     <span class='ocr_line' id='line_1_17' title="bbox 70 1169 581 1214; baseline -0.004 -9"><span class='ocrx_word' id='word_1_136' title='bbox 70 1171 108 1206; x_wconf 89' lang='lat' dir='ltr'>et</span> <span class='ocrx_word' id='word_1_137' title='bbox 130 1170 337 1205; x_wconf 87' lang='lat' dir='ltr'>incredulos</span> <span class='ocrx_word' id='word_1_138' title='bbox 361 1169 581 1214; x_wconf 85' lang='lat' dir='ltr'>impendere.</span> 
     </span>
    </p>

    <p class='ocr_par' dir='ltr' id='par_1_5' title="bbox 67 1227 1566 1624">
     <span class='ocr_line' id='line_1_18' title="bbox 163 1227 1563 1273; baseline -0.001 -9"><span class='ocrx_word' id='word_1_139' title='bbox 163 1228 289 1270; x_wconf 84' lang='lat' dir='ltr'>Quoad</span> <span class='ocrx_word' id='word_1_140' title='bbox 312 1227 479 1273; x_wconf 85' lang='lat' dir='ltr'>linguam</span> <span class='ocrx_word' id='word_1_141' title='bbox 503 1239 684 1272; x_wconf 81' lang='lat' dir='ltr'>graecam,</span> <span class='ocrx_word' id='word_1_142' title='bbox 711 1228 750 1263; x_wconf 89' lang='lat' dir='ltr'>in</span> <span class='ocrx_word' id='word_1_143' title='bbox 767 1240 840 1272; x_wconf 89' lang='lat' dir='ltr'>qua</span> <span class='ocrx_word' id='word_1_144' title='bbox 856 1230 892 1264; x_wconf 91' lang='lat' dir='ltr'>et</span> <span class='ocrx_word' id='word_1_145' title='bbox 916 1229 1036 1273; x_wconf 86' lang='lat' dir='ltr'>plures</span> <span class='ocrx_word' id='word_1_146' title='bbox 1060 1239 1202 1272; x_wconf 89' lang='lat' dir='ltr'>quoque</span> <span class='ocrx_word' id='word_1_147' title='bbox 1218 1228 1304 1263; x_wconf 91' lang='lat' dir='ltr'>libri</span> <span class='ocrx_word' id='word_1_148' title='bbox 1321 1228 1415 1263; x_wconf 90' lang='lat' dir='ltr'>sacri</span> <span class='ocrx_word' id='word_1_149' title='bbox 1437 1228 1563 1273; x_wconf 87' lang='lat' dir='ltr'>scripti</span> 
     </span>
     <span class='ocr_line' id='line_1_19' title="bbox 69 1286 1564 1331; baseline 0.001 -10"><span class='ocrx_word' id='word_1_150' title='bbox 69 1286 238 1329; x_wconf 87' lang='lat' dir='ltr'>fuerunt,</span> <span class='ocrx_word' id='word_1_151' title='bbox 277 1288 314 1321; x_wconf 84' lang='lat' dir='ltr'>et</span> <span class='ocrx_word' id='word_1_152' title='bbox 337 1287 394 1321; x_wconf 88' lang='lat' dir='ltr'>tot</span> <span class='ocrx_word' id='word_1_153' title='bbox 430 1289 624 1331; x_wconf 87' lang='lat' dir='ltr'>supersunt</span> <span class='ocrx_word' id='word_1_154' title='bbox 660 1286 873 1322; x_wconf 86' lang='lat' dir='ltr'>traditionis</span> <span class='ocrx_word' id='word_1_155' title='bbox 909 1288 1109 1322; x_wconf 86' lang='lat' dir='ltr'>catholicae</span> <span class='ocrx_word' id='word_1_156' title='bbox 1145 1287 1280 1323; x_wconf 85' lang='lat' dir='ltr'>eximia</span> <span class='ocrx_word' id='word_1_157' title='bbox 1316 1288 1564 1329; x_wconf 87' lang='lat' dir='ltr'>monumenta,</span> 
     </span>
     <span class='ocr_line' id='line_1_20' title="bbox 70 1344 1564 1391; baseline 0 -12"><span class='ocrx_word' id='word_1_158' title='bbox 70 1344 151 1388; x_wconf 89' lang='lat' dir='ltr'>quis</span> <span class='ocrx_word' id='word_1_159' title='bbox 175 1357 247 1380; x_wconf 89' lang='lat' dir='ltr'>non</span> <span class='ocrx_word' id='word_1_160' title='bbox 273 1345 394 1380; x_wconf 88' lang='lat' dir='ltr'>doleat</span> <span class='ocrx_word' id='word_1_161' title='bbox 419 1345 497 1389; x_wconf 84' lang='lat' dir='ltr'>ejus</span> <span class='ocrx_word' id='word_1_162' title='bbox 524 1345 685 1380; x_wconf 84' lang='lat' dir='ltr'>studium</span> <span class='ocrx_word' id='word_1_163' title='bbox 709 1345 765 1380; x_wconf 88' lang='lat' dir='ltr'>ita</span> <span class='ocrx_word' id='word_1_164' title='bbox 790 1345 829 1379; x_wconf 88' lang='lat' dir='ltr'>in</span> <span class='ocrx_word' id='word_1_165' title='bbox 852 1345 1054 1391; x_wconf 84' lang='lat' dir='ltr'>majoribus</span> <span class='ocrx_word' id='word_1_166' title='bbox 1079 1345 1283 1380; x_wconf 87' lang='lat' dir='ltr'>seminariis</span> <span class='ocrx_word' id='word_1_167' title='bbox 1306 1345 1564 1390; x_wconf 84' lang='lat' dir='ltr'>praetermitti,</span> 
     </span>
     <span class='ocr_line' id='line_1_21' title="bbox 68 1403 1566 1448; baseline -0.001 -10"><span class='ocrx_word' id='word_1_168' title='bbox 68 1405 112 1438; x_wconf 86' lang='lat' dir='ltr'>ut</span> <span class='ocrx_word' id='word_1_169' title='bbox 136 1403 246 1448; x_wconf 88' lang='lat' dir='ltr'>hujus</span> <span class='ocrx_word' id='word_1_170' title='bbox 270 1403 419 1448; x_wconf 81' lang='lat' dir='ltr'>linguae</span> <span class='ocrx_word' id='word_1_171' title='bbox 443 1403 576 1439; x_wconf 84' lang='lat' dir='ltr'>notitia</span> <span class='ocrx_word' id='word_1_172' title='bbox 601 1415 746 1448; x_wconf 85' lang='lat' dir='ltr'>prorsus</span> <span class='ocrx_word' id='word_1_173' title='bbox 771 1403 810 1437; x_wconf 92' lang='lat' dir='ltr'>in</span> <span class='ocrx_word' id='word_1_174' title='bbox 835 1403 880 1437; x_wconf 88' lang='lat' dir='ltr'>iis</span> <span class='ocrx_word' id='word_1_175' title='bbox 904 1403 991 1448; x_wconf 88' lang='lat' dir='ltr'>ipsis</span> <span class='ocrx_word' id='word_1_176' title='bbox 1012 1403 1208 1448; x_wconf 87' lang='lat' dir='ltr'>juvenibus</span> <span class='ocrx_word' id='word_1_177' title='bbox 1233 1404 1466 1446; x_wconf 87' lang='lat' dir='ltr'>obliteretur,</span> <span class='ocrx_word' id='word_1_178' title='bbox 1502 1403 1566 1447; x_wconf 91' lang='lat' dir='ltr'>qui</span> 
     </span>
     <span class='ocr_line' id='line_1_22' title="bbox 67 1462 1563 1507; baseline -0.002 -9"><span class='ocrx_word' id='word_1_179' title='bbox 67 1462 101 1498; x_wconf 90' lang='lat' dir='ltr'>ei</span> <span class='ocrx_word' id='word_1_180' title='bbox 137 1462 378 1498; x_wconf 86' lang='lat' dir='ltr'>addiscendae</span> <span class='ocrx_word' id='word_1_181' title='bbox 414 1463 533 1507; x_wconf 85' lang='lat' dir='ltr'>plures</span> <span class='ocrx_word' id='word_1_182' title='bbox 571 1474 685 1497; x_wconf 86' lang='lat' dir='ltr'>annos</span> <span class='ocrx_word' id='word_1_183' title='bbox 721 1462 759 1497; x_wconf 90' lang='lat' dir='ltr'>in</span> <span class='ocrx_word' id='word_1_184' title='bbox 796 1462 997 1497; x_wconf 87' lang='lat' dir='ltr'>minoribus</span> <span class='ocrx_word' id='word_1_185' title='bbox 1034 1462 1238 1498; x_wconf 84' lang='lat' dir='ltr'>seminariis</span> <span class='ocrx_word' id='word_1_186' title='bbox 1278 1462 1563 1506; x_wconf 77' lang='lat' dir='ltr'>insumpserant.</span> 
     </span>
     <span class='ocr_line' id='line_1_23' title="bbox 70 1519 1562 1565; baseline -0.001 -11"><span class='ocrx_word' id='word_1_187' title='bbox 70 1519 395 1556; x_wconf 89' lang='lat' dir='ltr'>Praescribendum</span> <span class='ocrx_word' id='word_1_188' title='bbox 419 1519 535 1565; x_wconf 89' lang='lat' dir='ltr'>igitur</span> <span class='ocrx_word' id='word_1_189' title='bbox 571 1532 717 1555; x_wconf 86' lang='lat' dir='ltr'>ommno</span> <span class='ocrx_word' id='word_1_190' title='bbox 743 1522 834 1555; x_wconf 92' lang='lat' dir='ltr'>esset</span> <span class='ocrx_word' id='word_1_191' title='bbox 871 1522 914 1554; x_wconf 91' lang='lat' dir='ltr'>ut</span> <span class='ocrx_word' id='word_1_192' title='bbox 948 1520 1098 1565; x_wconf 85' lang='lat' dir='ltr'>linguae</span> <span class='ocrx_word' id='word_1_193' title='bbox 1135 1531 1287 1565; x_wconf 86' lang='lat' dir='ltr'>graecae</span> <span class='ocrx_word' id='word_1_194' title='bbox 1326 1519 1489 1554; x_wconf 86' lang='lat' dir='ltr'>studium</span> <span class='ocrx_word' id='word_1_195' title='bbox 1510 1519 1562 1555; x_wconf 67' lang='lat' dir='ltr'>in</span> 
     </span>
     <span class='ocr_line' id='line_1_24' title="bbox 69 1569 1531 1624; baseline 0 -12"><span class='ocrx_word' id='word_1_196' title='bbox 69 1578 273 1624; x_wconf 85' lang='lat' dir='ltr'>majoribus</span> <span class='ocrx_word' id='word_1_197' title='bbox 299 1578 412 1614; x_wconf 88' lang='lat' dir='ltr'>etiam</span> <span class='ocrx_word' id='word_1_198' title='bbox 436 1578 643 1613; x_wconf 88' lang='lat' dir='ltr'>seminariis</span> <span class='ocrx_word' id='word_1_199' title='bbox 668 1578 875 1613; x_wconf 85' lang='lat' dir='ltr'>continuari</span> <span class='ocrx_word' id='word_1_200' title='bbox 900 1578 1057 1613; x_wconf 87' lang='lat' dir='ltr'>deberet.</span> <span class='ocrx_word' id='word_1_201' title='bbox 1524 1569 1531 1573; x_wconf 45' lang='lat'><strong>¹</strong></span> 
     </span>
    </p>
   </div>
   <div class='ocr_carea' id='block_1_5' title="bbox 298 1682 1332 1727">
    <p class='ocr_par' dir='ltr' id='par_1_6' title="bbox 298 1682 1332 1727">
     <span class='ocr_line' id='line_1_25' title="bbox 298 1682 1332 1727; baseline -0.001 -10"><span class='ocrx_word' id='word_1_202' title='bbox 298 1683 349 1719; x_wconf 92' lang='lat' dir='ltr'>De</span> <span class='ocrx_word' id='word_1_203' title='bbox 373 1683 618 1727; x_wconf 86' lang='lat' dir='ltr'>superioribus</span> <span class='ocrx_word' id='word_1_204' title='bbox 643 1682 772 1717; x_wconf 89' lang='lat' dir='ltr'>studiis</span> <span class='ocrx_word' id='word_1_205' title='bbox 798 1682 1047 1718; x_wconf 84' lang='lat' dir='ltr'>ecclesiasticis</span> <span class='ocrx_word' id='word_1_206' title='bbox 1071 1682 1332 1718; x_wconf 82' lang='lat' dir='ltr'>restaurandis.</span> 
     </span>
    </p>
   </div>
   <div class='ocr_carea' id='block_1_6' title="bbox 70 1751 1565 2666">
    <p class='ocr_par' dir='ltr' id='par_1_7' title="bbox 70 1751 1565 2076">
     <span class='ocr_line' id='line_1_26' title="bbox 163 1751 1558 1796; baseline 0.001 -10"><span class='ocrx_word' id='word_1_207' title='bbox 163 1751 486 1787; x_wconf 87' lang='lat' dir='ltr'>Evidentissimum</span> <span class='ocrx_word' id='word_1_208' title='bbox 509 1753 564 1786; x_wconf 89' lang='lat' dir='ltr'>est</span> <span class='ocrx_word' id='word_1_209' title='bbox 589 1752 769 1787; x_wconf 85' lang='lat' dir='ltr'>elementa</span> <span class='ocrx_word' id='word_1_210' title='bbox 794 1752 983 1794; x_wconf 84' lang='lat' dir='ltr'>scientiae,</span> <span class='ocrx_word' id='word_1_211' title='bbox 1011 1752 1086 1786; x_wconf 88' lang='lat' dir='ltr'>sive</span> <span class='ocrx_word' id='word_1_212' title='bbox 1110 1763 1244 1794; x_wconf 87' lang='lat' dir='ltr'>sacrae,</span> <span class='ocrx_word' id='word_1_213' title='bbox 1270 1751 1346 1786; x_wconf 92' lang='lat' dir='ltr'>sive</span> <span class='ocrx_word' id='word_1_214' title='bbox 1370 1752 1558 1796; x_wconf 84' lang='lat' dir='ltr'>profanae,</span> 
     </span>
     <span class='ocr_line' id='line_1_27' title="bbox 70 1809 1562 1855; baseline 0.001 -12"><span class='ocrx_word' id='word_1_215' title='bbox 70 1809 228 1853; x_wconf 87' lang='lat' dir='ltr'>qualiter</span> <span class='ocrx_word' id='word_1_216' title='bbox 251 1809 290 1843; x_wconf 89' lang='lat' dir='ltr'>in</span> <span class='ocrx_word' id='word_1_217' title='bbox 316 1809 541 1851; x_wconf 85' lang='lat' dir='ltr'>seminariis,</span> <span class='ocrx_word' id='word_1_218' title='bbox 579 1812 660 1844; x_wconf 86' lang='lat' dir='ltr'>tuni</span> <span class='ocrx_word' id='word_1_219' title='bbox 694 1809 913 1851; x_wconf 86' lang='lat' dir='ltr'>minoribus,</span> <span class='ocrx_word' id='word_1_220' title='bbox 951 1812 1031 1844; x_wconf 89' lang='lat' dir='ltr'>tum</span> <span class='ocrx_word' id='word_1_221' title='bbox 1060 1809 1260 1855; x_wconf 85' lang='lat' dir='ltr'>majoribus</span> <span class='ocrx_word' id='word_1_222' title='bbox 1295 1810 1395 1844; x_wconf 88' lang='lat' dir='ltr'>tradi</span> <span class='ocrx_word' id='word_1_223' title='bbox 1434 1811 1562 1852; x_wconf 92' lang='lat' dir='ltr'>solent,</span> 
     </span>
     <span class='ocr_line' id='line_1_28' title="bbox 70 1866 1563 1912; baseline 0.001 -11"><span class='ocrx_word' id='word_1_224' title='bbox 70 1866 274 1902; x_wconf 87' lang='lat' dir='ltr'>necessaria</span> <span class='ocrx_word' id='word_1_225' title='bbox 298 1866 447 1911; x_wconf 84' lang='lat' dir='ltr'>quidem</span> <span class='ocrx_word' id='word_1_226' title='bbox 472 1879 562 1909; x_wconf 89' lang='lat' dir='ltr'>esse,</span> <span class='ocrx_word' id='word_1_227' title='bbox 601 1869 643 1902; x_wconf 86' lang='lat' dir='ltr'>ut</span> <span class='ocrx_word' id='word_1_228' title='bbox 669 1868 774 1912; x_wconf 85' lang='lat' dir='ltr'>quasi</span> <span class='ocrx_word' id='word_1_229' title='bbox 799 1868 984 1903; x_wconf 83' lang='lat' dir='ltr'>ulterioris</span> <span class='ocrx_word' id='word_1_230' title='bbox 1010 1868 1199 1903; x_wconf 85' lang='lat' dir='ltr'>doctrinae</span> <span class='ocrx_word' id='word_1_231' title='bbox 1224 1868 1474 1910; x_wconf 83' lang='lat' dir='ltr'>fundamenta,</span> <span class='ocrx_word' id='word_1_232' title='bbox 1502 1879 1563 1903; x_wconf 86' lang='lat' dir='ltr'>ne-</span> 
     </span>
     <span class='ocr_line' id='line_1_29' title="bbox 70 1925 1565 1970; baseline 0.001 -11"><span class='ocrx_word' id='word_1_233' title='bbox 70 1936 255 1969; x_wconf 88' lang='lat' dir='ltr'>quaquam</span> <span class='ocrx_word' id='word_1_234' title='bbox 280 1926 404 1961; x_wconf 87' lang='lat' dir='ltr'>tamen</span> <span class='ocrx_word' id='word_1_235' title='bbox 430 1925 611 1967; x_wconf 82' lang='lat' dir='ltr'>sufficere,</span> <span class='ocrx_word' id='word_1_236' title='bbox 652 1937 717 1961; x_wconf 90' lang='lat' dir='ltr'>nec</span> <span class='ocrx_word' id='word_1_237' title='bbox 741 1927 788 1962; x_wconf 91' lang='lat' dir='ltr'>ad</span> <span class='ocrx_word' id='word_1_238' title='bbox 813 1926 1098 1970; x_wconf 83' lang='lat' dir='ltr'>expositionem,</span> <span class='ocrx_word' id='word_1_239' title='bbox 1136 1937 1201 1960; x_wconf 88' lang='lat' dir='ltr'>nec</span> <span class='ocrx_word' id='word_1_240' title='bbox 1236 1927 1283 1960; x_wconf 87' lang='lat' dir='ltr'>ad</span> <span class='ocrx_word' id='word_1_241' title='bbox 1321 1926 1565 1961; x_wconf 87' lang='lat' dir='ltr'>defensionem</span> 
     </span>
     <span class='ocr_line' id='line_1_30' title="bbox 71 1982 1564 2029; baseline 0.002 -12"><span class='ocrx_word' id='word_1_242' title='bbox 71 1983 291 2028; x_wconf 86' lang='lat' dir='ltr'>dogmatum</span> <span class='ocrx_word' id='word_1_243' title='bbox 316 1982 622 2027; x_wconf 76' lang='lat' dir='ltr'>christianonmi,</span> <span class='ocrx_word' id='word_1_244' title='bbox 661 1987 770 2029; x_wconf 90' lang='lat' dir='ltr'>prout</span> <span class='ocrx_word' id='word_1_245' title='bbox 795 1984 833 2018; x_wconf 90' lang='lat' dir='ltr'>id</span> <span class='ocrx_word' id='word_1_246' title='bbox 856 1985 1002 2019; x_wconf 89' lang='lat' dir='ltr'>nostrae</span> <span class='ocrx_word' id='word_1_247' title='bbox 1028 1984 1159 2019; x_wconf 82' lang='lat' dir='ltr'>aetatis</span> <span class='ocrx_word' id='word_1_248' title='bbox 1183 1984 1413 2020; x_wconf 86' lang='lat' dir='ltr'>necessitates</span> <span class='ocrx_word' id='word_1_249' title='bbox 1439 1988 1564 2029; x_wconf 88' lang='lat' dir='ltr'>postu-</span> 
     </span>
     <span class='ocr_line' id='line_1_31' title="bbox 70 2040 203 2076; baseline 0.008 -2"><span class='ocrx_word' id='word_1_250' title='bbox 70 2040 203 2076; x_wconf 89' lang='lat' dir='ltr'>larent.</span> 
     </span>
    </p>

    <p class='ocr_par' dir='ltr' id='par_1_8' title="bbox 70 2099 1565 2666">
     <span class='ocr_line' id='line_1_32' title="bbox 162 2099 1563 2146; baseline 0.001 -13"><span class='ocrx_word' id='word_1_251' title='bbox 162 2099 280 2134; x_wconf 89' lang='lat' dir='ltr'>Valde</span> <span class='ocrx_word' id='word_1_252' title='bbox 303 2099 419 2144; x_wconf 85' lang='lat' dir='ltr'>igitur</span> <span class='ocrx_word' id='word_1_253' title='bbox 444 2100 646 2144; x_wconf 84' lang='lat' dir='ltr'>optandum</span> <span class='ocrx_word' id='word_1_254' title='bbox 671 2102 763 2134; x_wconf 88' lang='lat' dir='ltr'>esset</span> <span class='ocrx_word' id='word_1_255' title='bbox 787 2101 963 2143; x_wconf 85' lang='lat' dir='ltr'>quosdam</span> <span class='ocrx_word' id='word_1_256' title='bbox 988 2112 1095 2142; x_wconf 87' lang='lat' dir='ltr'>nunc,</span> <span class='ocrx_word' id='word_1_257' title='bbox 1122 2100 1214 2135; x_wconf 88' lang='lat' dir='ltr'>sicut</span> <span class='ocrx_word' id='word_1_258' title='bbox 1238 2101 1342 2141; x_wconf 88' lang='lat' dir='ltr'>olim,</span> <span class='ocrx_word' id='word_1_259' title='bbox 1379 2101 1418 2135; x_wconf 91' lang='lat' dir='ltr'>in</span> <span class='ocrx_word' id='word_1_260' title='bbox 1443 2101 1563 2146; x_wconf 88' lang='lat' dir='ltr'>cujus-</span> 
     </span>
     <span class='ocr_line' id='line_1_33' title="bbox 70 2157 1564 2204; baseline 0.001 -12"><span class='ocrx_word' id='word_1_261' title='bbox 70 2169 139 2202; x_wconf 88' lang='lat' dir='ltr'>que</span> <span class='ocrx_word' id='word_1_262' title='bbox 162 2157 340 2193; x_wconf 87' lang='lat' dir='ltr'>Ecclesiae</span> <span class='ocrx_word' id='word_1_263' title='bbox 364 2158 466 2194; x_wconf 89' lang='lat' dir='ltr'>Clero</span> <span class='ocrx_word' id='word_1_264' title='bbox 484 2159 580 2193; x_wconf 79' lang='lat' dir='ltr'>viros</span> <span class='ocrx_word' id='word_1_265' title='bbox 605 2159 773 2201; x_wconf 88' lang='lat' dir='ltr'>inveniri,</span> <span class='ocrx_word' id='word_1_266' title='bbox 799 2159 860 2202; x_wconf 89' lang='lat' dir='ltr'>qui</span> <span class='ocrx_word' id='word_1_267' title='bbox 887 2159 1076 2203; x_wconf 84' lang='lat' dir='ltr'>specialius</span> <span class='ocrx_word' id='word_1_268' title='bbox 1103 2160 1140 2194; x_wconf 91' lang='lat' dir='ltr'>et</span> <span class='ocrx_word' id='word_1_269' title='bbox 1158 2159 1301 2204; x_wconf 87' lang='lat' dir='ltr'>plenius</span> <span class='ocrx_word' id='word_1_270' title='bbox 1318 2159 1564 2204; x_wconf 88' lang='lat' dir='ltr'>superioribus</span> 
     </span>
     <span class='ocr_line' id='line_1_34' title="bbox 71 2215 1563 2259; baseline 0.001 -10"><span class='ocrx_word' id='word_1_271' title='bbox 71 2215 200 2250; x_wconf 86' lang='lat' dir='ltr'>studiis</span> <span class='ocrx_word' id='word_1_272' title='bbox 223 2215 486 2251; x_wconf 87' lang='lat' dir='ltr'>incumberent.</span> <span class='ocrx_word' id='word_1_273' title='bbox 536 2217 625 2251; x_wconf 88' lang='lat' dir='ltr'>Cum</span> <span class='ocrx_word' id='word_1_274' title='bbox 650 2218 773 2252; x_wconf 85' lang='lat' dir='ltr'>autem</span> <span class='ocrx_word' id='word_1_275' title='bbox 809 2218 877 2252; x_wconf 89' lang='lat' dir='ltr'>hoc</span> <span class='ocrx_word' id='word_1_276' title='bbox 905 2217 1145 2252; x_wconf 89' lang='lat' dir='ltr'>communiter</span> <span class='ocrx_word' id='word_1_277' title='bbox 1170 2229 1234 2253; x_wconf 90' lang='lat' dir='ltr'>nec</span> <span class='ocrx_word' id='word_1_278' title='bbox 1259 2217 1374 2259; x_wconf 87' lang='lat' dir='ltr'>facile,</span> <span class='ocrx_word' id='word_1_279' title='bbox 1400 2229 1465 2252; x_wconf 89' lang='lat' dir='ltr'>nec</span> <span class='ocrx_word' id='word_1_280' title='bbox 1490 2217 1563 2251; x_wconf 84' lang='lat' dir='ltr'>suf-</span> 
     </span>
     <span class='ocr_line' id='line_1_35' title="bbox 71 2273 1563 2319; baseline 0.001 -12"><span class='ocrx_word' id='word_1_281' title='bbox 71 2273 233 2309; x_wconf 90' lang='lat' dir='ltr'>ficienter</span> <span class='ocrx_word' id='word_1_282' title='bbox 259 2274 442 2318; x_wconf 85' lang='lat' dir='ltr'>praestari</span> <span class='ocrx_word' id='word_1_283' title='bbox 468 2274 582 2319; x_wconf 88' lang='lat' dir='ltr'>possit</span> <span class='ocrx_word' id='word_1_284' title='bbox 607 2275 743 2318; x_wconf 87' lang='lat' dir='ltr'>absque</span> <span class='ocrx_word' id='word_1_285' title='bbox 766 2275 922 2319; x_wconf 87' lang='lat' dir='ltr'>publicis</span> <span class='ocrx_word' id='word_1_286' title='bbox 943 2275 1163 2319; x_wconf 87' lang='lat' dir='ltr'>quibusdam</span> <span class='ocrx_word' id='word_1_287' title='bbox 1186 2274 1492 2316; x_wconf 87' lang='lat' dir='ltr'>institutionibus,</span> <span class='ocrx_word' id='word_1_288' title='bbox 1520 2296 1563 2299; x_wconf 97' lang='lat'><strong>—</strong></span> 
     </span>
     <span class='ocr_line' id='line_1_36' title="bbox 71 2331 1563 2377; baseline 0.001 -13"><span class='ocrx_word' id='word_1_289' title='bbox 71 2331 196 2374; x_wconf 87' lang='lat' dir='ltr'>quales</span> <span class='ocrx_word' id='word_1_290' title='bbox 220 2332 358 2373; x_wconf 83' lang='lat' dir='ltr'>extant,</span> <span class='ocrx_word' id='word_1_291' title='bbox 386 2331 489 2367; x_wconf 88' lang='lat' dir='ltr'>verbi</span> <span class='ocrx_word' id='word_1_292' title='bbox 514 2333 648 2377; x_wconf 83' lang='lat' dir='ltr'>gratia,</span> <span class='ocrx_word' id='word_1_293' title='bbox 683 2332 721 2366; x_wconf 90' lang='lat' dir='ltr'>in</span> <span class='ocrx_word' id='word_1_294' title='bbox 748 2333 844 2367; x_wconf 85' lang='lat' dir='ltr'>Urbe</span> <span class='ocrx_word' id='word_1_295' title='bbox 868 2333 994 2374; x_wconf 87' lang='lat' dir='ltr'>Roma,</span> <span class='ocrx_word' id='word_1_296' title='bbox 1022 2333 1120 2377; x_wconf 88' lang='lat' dir='ltr'>apud</span> <span class='ocrx_word' id='word_1_297' title='bbox 1145 2333 1293 2377; x_wconf 83' lang='lat' dir='ltr'>Belgas,</span> <span class='ocrx_word' id='word_1_298' title='bbox 1331 2334 1367 2367; x_wconf 87' lang='lat' dir='ltr'>et</span> <span class='ocrx_word' id='word_1_299' title='bbox 1394 2332 1493 2374; x_wconf 85' lang='lat' dir='ltr'>alibi,</span> <span class='ocrx_word' id='word_1_300' title='bbox 1520 2353 1563 2357; x_wconf 94' lang='lat'>—</span> 
     </span>
     <span class='ocr_line' id='line_1_37' title="bbox 73 2388 1563 2435; baseline 0.001 -13"><span class='ocrx_word' id='word_1_301' title='bbox 73 2388 308 2423; x_wconf 87' lang='lat' dir='ltr'>utilissimum</span> <span class='ocrx_word' id='word_1_302' title='bbox 324 2389 530 2425; x_wconf 63' lang='lat' dir='ltr'>«videretur</span> <span class='ocrx_word' id='word_1_303' title='bbox 555 2390 767 2435; x_wconf 87' lang='lat' dir='ltr'>Episcopos‚</span> <span class='ocrx_word' id='word_1_304' title='bbox 806 2390 1082 2426; x_wconf 86' lang='lat' dir='ltr'>communicatis</span> <span class='ocrx_word' id='word_1_305' title='bbox 1108 2390 1265 2426; x_wconf 86' lang='lat' dir='ltr'>consiliis</span> <span class='ocrx_word' id='word_1_306' title='bbox 1302 2392 1338 2425; x_wconf 91' lang='lat' dir='ltr'>et</span> <span class='ocrx_word' id='word_1_307' title='bbox 1363 2390 1563 2432; x_wconf 87' lang='lat' dir='ltr'>conatibus,</span> 
     </span>
     <span class='ocr_line' id='line_1_38' title="bbox 71 2447 1565 2493; baseline 0.001 -12"><span class='ocrx_word' id='word_1_308' title='bbox 71 2457 199 2482; x_wconf 87' lang='lat' dir='ltr'>curare</span> <span class='ocrx_word' id='word_1_309' title='bbox 225 2449 262 2482; x_wconf 91' lang='lat' dir='ltr'>et</span> <span class='ocrx_word' id='word_1_310' title='bbox 287 2447 493 2483; x_wconf 85' lang='lat' dir='ltr'>allaborare</span> <span class='ocrx_word' id='word_1_311' title='bbox 518 2450 570 2491; x_wconf 86' lang='lat' dir='ltr'>ut,</span> <span class='ocrx_word' id='word_1_312' title='bbox 596 2450 742 2493; x_wconf 89' lang='lat' dir='ltr'>praeter</span> <span class='ocrx_word' id='word_1_313' title='bbox 767 2448 972 2490; x_wconf 86' lang='lat' dir='ltr'>seminaria,</span> <span class='ocrx_word' id='word_1_314' title='bbox 1003 2448 1135 2492; x_wconf 90' lang='lat' dir='ltr'>ubique</span> <span class='ocrx_word' id='word_1_315' title='bbox 1162 2449 1342 2483; x_wconf 86' lang='lat' dir='ltr'>servanda</span> <span class='ocrx_word' id='word_1_316' title='bbox 1369 2450 1405 2483; x_wconf 86' lang='lat' dir='ltr'>et</span> <span class='ocrx_word' id='word_1_317' title='bbox 1429 2448 1468 2482; x_wconf 89' lang='lat' dir='ltr'>in</span> <span class='ocrx_word' id='word_1_318' title='bbox 1491 2460 1565 2483; x_wconf 89' lang='lat' dir='ltr'>me-</span> 
     </span>
     <span class='ocr_line' id='line_1_39' title="bbox 70 2504 1565 2551; baseline 0.001 -12"><span class='ocrx_word' id='word_1_319' title='bbox 70 2504 199 2540; x_wconf 88' lang='lat' dir='ltr'>liorem</span> <span class='ocrx_word' id='word_1_320' title='bbox 223 2506 362 2540; x_wconf 87' lang='lat' dir='ltr'>statum</span> <span class='ocrx_word' id='word_1_321' title='bbox 387 2506 619 2548; x_wconf 82' lang='lat' dir='ltr'>adducenda,</span> <span class='ocrx_word' id='word_1_322' title='bbox 645 2506 924 2542; x_wconf 83' lang='lat' dir='ltr'>instituerentur</span> <span class='ocrx_word' id='word_1_323' title='bbox 948 2506 1060 2541; x_wconf 87' lang='lat' dir='ltr'>etiam</span> <span class='ocrx_word' id='word_1_324' title='bbox 1076 2534 1083 2548; x_wconf 86' lang='lat'>,</span> <span class='ocrx_word' id='word_1_325' title='bbox 1122 2508 1230 2550; x_wconf 86' lang='lat' dir='ltr'>prout</span> <span class='ocrx_word' id='word_1_326' title='bbox 1253 2507 1351 2551; x_wconf 88' lang='lat' dir='ltr'>leges</span> <span class='ocrx_word' id='word_1_327' title='bbox 1376 2518 1565 2550; x_wconf 87' lang='lat' dir='ltr'>moresque</span> 
     </span>
     <span class='ocr_line' id='line_1_40' title="bbox 72 2563 1564 2609; baseline 0 -11"><span class='ocrx_word' id='word_1_328' title='bbox 72 2563 246 2608; x_wconf 84' lang='lat' dir='ltr'>cujusque</span> <span class='ocrx_word' id='word_1_329' title='bbox 269 2563 390 2609; x_wconf 88' lang='lat' dir='ltr'>gentis</span> <span class='ocrx_word' id='word_1_330' title='bbox 430 2564 590 2599; x_wconf 86' lang='lat' dir='ltr'>sinerent</span> <span class='ocrx_word' id='word_1_331' title='bbox 605 2592 612 2606; x_wconf 94' lang='lat'>‚</span> <span class='ocrx_word' id='word_1_332' title='bbox 649 2565 706 2599; x_wconf 85' lang='lat' dir='ltr'>vel</span> <span class='ocrx_word' id='word_1_333' title='bbox 740 2576 876 2609; x_wconf 82' lang='lat' dir='ltr'>magna</span> <span class='ocrx_word' id='word_1_334' title='bbox 901 2564 1080 2608; x_wconf 85' lang='lat' dir='ltr'>Collegia,</span> <span class='ocrx_word' id='word_1_335' title='bbox 1119 2565 1176 2599; x_wconf 89' lang='lat' dir='ltr'>vel</span> <span class='ocrx_word' id='word_1_336' title='bbox 1201 2563 1487 2606; x_wconf 79' lang='lat' dir='ltr'>Universitates,</span> <span class='ocrx_word' id='word_1_337' title='bbox 1524 2564 1564 2598; x_wconf 91' lang='lat' dir='ltr'>in</span> 
     </span>
     <span class='ocr_line' id='line_1_41' title="bbox 71 2620 1067 2666; baseline -0.001 -10"><span class='ocrx_word' id='word_1_338' title='bbox 71 2620 202 2664; x_wconf 80' lang='lat' dir='ltr'>quibus</span> <span class='ocrx_word' id='word_1_339' title='bbox 227 2620 444 2657; x_wconf 90' lang='lat' dir='ltr'>eminentior</span> <span class='ocrx_word' id='word_1_340' title='bbox 471 2621 622 2657; x_wconf 84' lang='lat' dir='ltr'>scientia</span> <span class='ocrx_word' id='word_1_341' title='bbox 648 2622 716 2657; x_wconf 88' lang='lat' dir='ltr'>coli</span> <span class='ocrx_word' id='word_1_342' title='bbox 741 2622 912 2666; x_wconf 81' lang='lat' dir='ltr'>tradique</span> <span class='ocrx_word' id='word_1_343' title='bbox 937 2623 1067 2666; x_wconf 86' lang='lat' dir='ltr'>posset.</span> 
     </span>
    </p>
   </div>
   <div class='ocr_carea' id='block_1_7' title="bbox 559 2727 1079 2773">
    <p class='ocr_par' dir='ltr' id='par_1_9' title="bbox 559 2727 1079 2773">
     <span class='ocr_line' id='line_1_42' title="bbox 559 2727 1079 2773; baseline -0.002 -10"><span class='ocrx_word' id='word_1_344' title='bbox 559 2729 609 2763; x_wconf 87' lang='lat' dir='ltr'>De</span> <span class='ocrx_word' id='word_1_345' title='bbox 642 2728 856 2763; x_wconf 81' lang='lat' dir='ltr'>academicis</span> <span class='ocrx_word' id='word_1_346' title='bbox 890 2727 1079 2773; x_wconf 83' lang='lat' dir='ltr'>gradibus.</span> 
     </span>
    </p>
   </div>
   <div class='ocr_carea' id='block_1_8' title="bbox 73 2789 1566 2899">
    <p class='ocr_par' dir='ltr' id='par_1_10' title="bbox 73 2789 1566 2899">
     <span class='ocr_line' id='line_1_43' title="bbox 164 2789 1565 2833; baseline 0.003 -4"><span class='ocrx_word' id='word_1_347' title='bbox 164 2795 306 2831; x_wconf 80' lang='lat' dir='ltr'>Gradus</span> <span class='ocrx_word' id='word_1_348' title='bbox 331 2797 528 2832; x_wconf 84' lang='lat' dir='ltr'>academici</span> <span class='ocrx_word' id='word_1_349' title='bbox 564 2800 660 2833; x_wconf 88' lang='lat' dir='ltr'>certe</span> <span class='ocrx_word' id='word_1_350' title='bbox 690 2798 737 2832; x_wconf 90' lang='lat' dir='ltr'>ad</span> <span class='ocrx_word' id='word_1_351' title='bbox 762 2789 1010 2832; x_wconf 82' lang='lat' dir='ltr'>eminentioris</span> <span class='ocrx_word' id='word_1_352' title='bbox 1036 2796 1208 2832; x_wconf 85' lang='lat' dir='ltr'>scientiae</span> <span class='ocrx_word' id='word_1_353' title='bbox 1244 2797 1361 2831; x_wconf 85' lang='lat' dir='ltr'>zelum</span> <span class='ocrx_word' id='word_1_354' title='bbox 1398 2797 1437 2831; x_wconf 92' lang='lat' dir='ltr'>in</span> <span class='ocrx_word' id='word_1_355' title='bbox 1462 2797 1565 2833; x_wconf 86' lang='lat' dir='ltr'>Clero</span> 
     </span>
     <span class='ocr_line' id='line_1_44' title="bbox 73 2850 1566 2899; baseline 0.003 -13"><span class='ocrx_word' id='word_1_356' title='bbox 73 2850 270 2888; x_wconf 89' lang='lat' dir='ltr'>fovendum</span> <span class='ocrx_word' id='word_1_357' title='bbox 297 2854 477 2899; x_wconf 86' lang='lat' dir='ltr'>aptissimi</span> <span class='ocrx_word' id='word_1_358' title='bbox 502 2857 598 2890; x_wconf 88' lang='lat' dir='ltr'>sunt.</span> <span class='ocrx_word' id='word_1_359' title='bbox 648 2857 697 2890; x_wconf 84' lang='lat' dir='ltr'>Ut</span> <span class='ocrx_word' id='word_1_360' title='bbox 730 2867 814 2891; x_wconf 83' lang='lat' dir='ltr'>vero</span> <span class='ocrx_word' id='word_1_361' title='bbox 852 2855 932 2890; x_wconf 89' lang='lat' dir='ltr'>finis</span> <span class='ocrx_word' id='word_1_362' title='bbox 963 2855 1026 2890; x_wconf 92' lang='lat' dir='ltr'>ille</span> <span class='ocrx_word' id='word_1_363' title='bbox 1059 2854 1217 2890; x_wconf 87' lang='lat' dir='ltr'>obtineri</span> <span class='ocrx_word' id='word_1_364' title='bbox 1252 2855 1387 2899; x_wconf 86' lang='lat' dir='ltr'>possit,</span> <span class='ocrx_word' id='word_1_365' title='bbox 1426 2867 1566 2891; x_wconf 90' lang='lat' dir='ltr'>necesse</span> 
     </span>
    </p>
   </div>
   <div class='ocr_carea' id='block_1_9' title="bbox 131 2914 1286 2959">
    <p class='ocr_par' dir='ltr' id='par_1_11' title="bbox 131 2914 1286 2959">
     <span class='ocr_line' id='line_1_45' title="bbox 131 2914 1286 2959; baseline 0.007 -11"><span class='ocrx_word' id='word_1_366' title='bbox 131 2921 200 2949; x_wconf 83' lang='lat' dir='ltr'>Fri</span> <span class='ocrx_word' id='word_1_367' title='bbox 213 2922 261 2950; x_wconf 82' lang='lat' dir='ltr'>ed</span> <span class='ocrx_word' id='word_1_368' title='bbox 274 2923 390 2959; x_wconf 85' lang='lat' dir='ltr'>berg,</span> <span class='ocrx_word' id='word_1_369' title='bbox 420 2925 647 2953; x_wconf 76' lang='lat' dir='ltr'>Aktenstiicke.</span> <span class='ocrx_word' id='word_1_370' title='bbox 1244 2914 1286 2948; x_wconf 75' lang='lat'>19</span> 
     </span>
    </p>
   </div>
  </div>
 </body>
</html>
