1812 3088
177 110 264 150 280
814 107 1028 150 Nachtrage
1038 132 1046 140 .

895 221 971 263 X*.

921 303 947 337 Ι.

278 367 307 400 1.
335 363 495 399 Ecclesia
520 373 594 398 non
619 360 785 407 procedit
810 362 858 396 ad
891 361 1142 398 definitionem
1170 363 1408 408 dogmatum,
1445 362 1516 398 nisi
1541 365 1690 407 quando

179 422 355 458 veritates
380 421 564 456 revelatae
589 422 786 466 negantur,
813 421 880 455 aut
905 420 943 455 in
969 420 1123 455 dubium
1148 422 1327 456 vocantur
1339 436 1348 464 ;
1375 432 1441 456 nec
1466 421 1614 458 devenit
1641 422 1689 458 ad

178 479 520 517 condemnationem
544 490 712 515 errorum
735 478 799 523 qui
824 478 907 514 fidei
935 479 1190 522 adversantur,
1217 478 1290 514 nisi
1315 479 1463 523 quando
1478 479 1691 525 hujusmodi

177 537 366 575 doctrinae
391 538 437 573 de
462 537 560 572 facto
586 536 887 572 disseminantur.

271 597 303 631 2.
330 597 398 632 Sed
422 595 461 630 in
487 595 544 631 his
570 595 714 631 casibus
741 606 815 631 uon
838 597 938 630 tacet
962 594 1132 638 Ecclesia,
1157 596 1267 641 juxta
1293 596 1496 642 Augustini
1522 596 1688 633 effatum.

180 655 301 698 »Quae
327 656 413 690 sunt
437 656 568 690 contra
591 654 721 696 fidem,
761 654 819 689 vel
844 654 979 689 bonam
1006 653 1146 696 vitam,
1188 654 1348 690 Ecclesia
1384 666 1458 690 non
1494 655 1690 700 approbat,

178 725 244 750 nec
266 714 396 749 tacet«
449 713 532 758 (Ad.
557 712 636 756 Inq.
666 712 744 747 Ian.
771 712 812 747 L.
840 712 894 747 12.
929 724 965 747 n.
992 714 1063 757 75.)

271 773 303 808 3.
329 772 413 808 Non
439 771 555 818 igitur
581 770 746 815 quaestio
772 771 909 807 moveri
934 772 1065 815 potest,
1092 782 1141 805 an
1169 771 1217 806 sit
1242 770 1282 805 in
1305 771 1601 816 praesentiarum
1627 783 1691 816 op-

182 832 343 877 portuna
377 830 636 865 condemnatio
670 841 852 865 novarum
885 830 1133 874 quarumdam
1169 829 1421 865 doctrinarum
1460 842 1554 875 quae
1593 830 1691 866 circa

177 890 462 925 fundamentum
488 888 679 934 regiminis
715 900 737 922 a
764 887 909 924 Christo
933 888 973 922 in
997 887 1160 924 Ecclesia
1194 888 1388 924 constituti
1413 889 1523 924 hodie
1545 888 1692 934 praedi-

177 948 309 983 cantur
334 959 441 993 super
467 948 568 982 tecta
585 947 621 992 ¹),
657 958 741 981 cum
765 947 856 981 haec
889 946 1146 981 condemnatio
1180 958 1254 982 non
1293 948 1503 993 opportuna
1527 950 1689 991 tantum,

177 1006 239 1041 sed
264 1006 414 1042 omnino
438 1005 644 1042 necessaria
669 1005 839 1041 evaserit.
891 1005 1021 1040 »Error
1048 1004 1184 1050 quippe
1209 1004 1267 1039 cui
1293 1017 1367 1041 non
1391 1006 1595 1050 resistitur,
1623 1019 1688 1053 ap-

180 1066 379 1111 probatur,
406 1066 444 1100 et
469 1065 625 1108 veritas,
664 1076 747 1100 cum
771 1076 844 1101 non
870 1064 1102 1105 defenditur,
1143 1063 1396 1109 opprimitur.«
1436 1063 1556 1110 (Corp.
1591 1065 1689 1111 juris

182 1124 270 1160 Can.
297 1123 391 1158 Dist.
416 1124 471 1166 83,
498 1135 577 1169 cap.
602 1124 741 1169 Error.)

277 1184 310 1218 4.
343 1182 610 1219 Necessitatem
648 1184 758 1229 hujus
796 1181 1113 1217 condemnationis
1150 1180 1371 1216 luculentius
1409 1181 1571 1217 adstruit
1606 1180 1689 1227 ipsa

181 1241 316 1287 agendi
341 1241 438 1277 ratio
464 1253 588 1278 eorum
613 1240 676 1286 qui
711 1240 897 1277 doctrinas
929 1240 1020 1275 istas
1047 1240 1278 1285 spargentes,
1318 1239 1476 1276 solemne
1508 1240 1619 1286 hujus
1656 1240 1690 1276 S.

177 1300 428 1336 oecumenicae
452 1300 591 1346 Synodi
616 1300 660 1336 de
684 1300 728 1334 iis
750 1298 931 1345 judicium
956 1299 1145 1343 expetunt.
1194 1297 1326 1333 Procul
1349 1298 1467 1344 igitur
1492 1297 1604 1334 dubio
1622 1299 1683 1345 ju-

178 1358 316 1394 dicium
339 1358 501 1403 petitum
524 1358 741 1403 proferetur.

275 1418 307 1452 5.
333 1417 424 1453 Cum
462 1429 548 1453 vero
573 1418 619 1452 de
652 1417 773 1453 forma
806 1417 916 1461 hujus
949 1415 1082 1461 judicii
1121 1416 1195 1451 alia
1218 1416 1330 1459 atque
1367 1415 1442 1451 alia
1465 1415 1505 1451 in
1530 1414 1693 1451 Concilio

179 1477 335 1522 proponi
358 1477 519 1523 possint,
558 1476 827 1512 examinabunt
850 1476 979 1512 Patres
1005 1488 1053 1510 an
1080 1487 1123 1511 ea
1156 1486 1250 1519 quae
1275 1475 1499 1519 sequuntur,
1536 1475 1574 1510 et
1599 1485 1695 1518 quae

180 1548 222 1572 ex
251 1536 415 1572 Decretis
440 1535 738 1580 praecedentium
775 1534 1091 1571 oecumenicorum
1123 1534 1391 1577 Concihorum,
1430 1535 1467 1569 et
1502 1544 1546 1569 ex
1572 1532 1694 1568 verbis

179 1596 423 1632 Comitiorum
448 1597 543 1632 Cleri
569 1595 745 1641 gallicani
771 1595 968 1641 praecipue
986 1596 1159 1640 excerpta
1183 1595 1279 1636 sunt,
1306 1594 1404 1628 hunc
1419 1591 1457 1628 in
1482 1593 1593 1627 finem
1610 1591 1693 1627 usui

180 1667 256 1692 esse
281 1655 443 1691 valeant.

911 1712 957 1748 II.

281 1774 312 1808 1.
337 1773 375 1809 si
400 1773 481 1818 quis
505 1772 641 1809 dixerit
666 1775 796 1808 contra
821 1771 973 1807 Concilii
998 1771 1201 1807 Florentini
1227 1770 1489 1814 definitionem,
1516 1770 1692 1806 Sanctam

181 1832 422 1878 apostolicam
447 1831 573 1867 Sedem
600 1833 638 1866 et
662 1832 872 1867 Romanum
896 1830 1111 1866 Pontificem
1145 1830 1183 1865 in
1209 1829 1422 1866 universum
1457 1829 1584 1865 orbem
1617 1839 1691 1864 non

183 1895 307 1929 tenere
331 1891 547 1937 primatum,
573 1892 611 1927 et
634 1891 756 1936 ipsum
781 1891 991 1927 Romanum
1016 1890 1233 1926 Pontificem
1257 1899 1496 1925 successorem
1521 1899 1594 1923 non
1617 1898 1693 1922 esse

184 1952 224 1986 B.
250 1951 350 1987 Petri
382 1950 561 1997 principis
594 1950 875 1995 Apostolorum,
919 1961 1047 1985 verum
1072 1949 1209 1985 Christi
1234 1947 1446 1990 Vicarium,
1485 1946 1599 1983 totius
1624 1946 1691 1980 Ec-

182 2009 312 2046 clesiae
337 2012 458 2056 caput,
487 2010 724 2054 omniumque
749 2008 1044 2045 Christianorum
1070 2011 1217 2054 patrem
1242 2010 1279 2044 et
1303 2009 1509 2049 doctorem;
1536 2017 1602 2041 nec
1621 2004 1694 2050 ipsi

186 2068 226 2104 in
250 2069 291 2104 B.
317 2069 427 2105 Petro
452 2069 643 2114 pascendi.
670 2069 821 2115 regendi
859 2070 895 2103 et
921 2068 1151 2114 gubernandi
1177 2067 1423 2103 universalem
1446 2065 1646 2102 Ecclesiam
1672 2076 1695 2100 a

185 2128 228 2162 D.
252 2128 299 2163 N.
325 2129 353 2163 Ι.
379 2128 416 2164 C.
442 2129 592 2174 plenam
618 2130 843 2173 potestatem
868 2127 1051 2162 traditam
1076 2138 1161 2169 esse,
1188 2126 1499 2170 quemadmodum
1517 2124 1555 2160 in
1581 2122 1694 2170 gestis

185 2186 501 2223 oecumenicorum
529 2187 775 2223 Conciliorum
812 2188 849 2222 et
889 2187 926 2221 in
966 2186 1080 2221 sacris
1105 2185 1313 2221 Canonibus
1339 2184 1567 2226 continetur,
1606 2193 1696 2218 ana-

181 2246 308 2282 thema
334 2246 393 2282 sit.

276 2308 308 2343 2.
335 2307 374 2344 Si
397 2308 479 2352 quis
504 2306 641 2342 dixerit
664 2307 830 2342 Romano
868 2306 1038 2342 Pontifici
1077 2306 1257 2342 traditam
1294 2318 1369 2343 esse
1405 2305 1553 2351 plenam
1590 2304 1693 2349 pote-

182 2368 318 2402 statem
344 2366 494 2412 regendi
518 2367 556 2400 et
581 2365 824 2411 gubernandi,
852 2377 926 2401 non
956 2367 1080 2401 autem
1104 2366 1252 2410 plenam
1274 2365 1495 2410 potestatem
1515 2361 1689 2408 pascendi

181 2437 243 2460 seu
269 2425 420 2461 docendi
437 2425 464 2471 2)
489 2425 735 2460 universalem
760 2424 977 2466 Ecclesiam,
1004 2436 1120 2470 agnos
1145 2426 1181 2460 et
1206 2435 1307 2466 oves,
1342 2423 1465 2458 fideles
1489 2421 1627 2457 scilicet
1651 2422 1688 2456 et

182 2485 359 2528 pastores,
386 2485 587 2521 anathema
613 2484 671 2519 sit.

276 2547 312 2591 3)
338 2546 375 2582 Si
392 2545 474 2590 quis
491 2544 628 2581 dixerit
644 2545 852 2580 Romanum
866 2543 1091 2587 Pontificem,
1110 2543 1211 2578 Petri
1226 2543 1474 2578 Successorem
1492 2544 1529 2577 et
1544 2540 1693 2576 unicum

185 2605 365 2641 Ecclesiae
401 2607 513 2650 caput
548 2605 684 2640 habere
722 2604 869 2649 quidem
908 2603 947 2638 in
985 2603 1145 2639 Ecclesia
1178 2602 1380 2648 primatum
1411 2598 1692 2647 jurisdictionis,

183 2675 256 2700 non
283 2665 406 2699 autem
432 2674 641 2708 supremam
666 2664 891 2708 potestatem
917 2662 1089 2704 docendi,
1123 2661 1275 2707 regendi
1308 2662 1346 2695 et
1372 2658 1605 2705 gubernandi
1630 2657 1695 2692 Ec-

285 2780 308 2822 1)
333 2784 372 2814 In
399 2784 583 2822 Germania,
609 2785 641 2815 in
670 2785 786 2823 Gallia,
814 2788 847 2815 et
872 2795 929 2826 per
954 2784 1186 2824 Ephemeridas
1211 2783 1342 2823 ubique.

280 2827 305 2868 ²)
331 2831 486 2861 Memoirc
523 2834 642 2863 soumis
682 2843 723 2863 au
761 2833 916 2874 prochain
942 2832 1071 2863 Concile
1107 2832 1149 2862 du
1184 2831 1345 2866 Vatican,
1382 2838 1441 2869 par
1465 2827 1548 2865 Mgr.
1574 2827 1691 2861 Maret,

183 2878 312 2919 Eveque
337 2879 377 2909 de
404 2878 496 2909 Sura.
