1812 3088
203 91 289 132 304
838 87 1063 132 Nachtrii-ge.

200 230 252 264 De
277 226 520 264 reformandis
545 225 641 271 stylo
677 226 715 261 et
749 225 888 271 regulis
927 226 975 260 ad
1008 226 1187 270 rescripta
1224 225 1542 270 dispensationum
1580 224 1709 262 matri-

752 284 867 320 monii
893 284 1159 329 spectantibus.

295 369 410 404 Nemo
435 368 500 409 est,
525 366 614 412 styli
639 368 676 401 et
693 366 907 412 regularum
932 366 980 400 ad
1005 366 1298 410 dispensationes
1316 366 1548 402 matrimonii
1564 378 1711 403 earum-

202 439 271 472 que
296 426 476 471 rescripta
500 424 769 470 pertinentium
796 424 979 468 tantisper
1006 435 1162 468 gnarus,
1199 424 1263 468 qui
1287 437 1361 460 non
1385 424 1561 467 miretur,
1588 425 1625 460 et
1652 436 1713 460 ve-

203 486 393 522 hementer
420 483 552 526 doleat,
580 482 812 518 validitatem
838 482 890 517 rei
907 481 1071 517 omnium
1097 482 1347 527 gravissimae,
1374 483 1482 527 quale
1507 484 1562 519 est
1586 481 1714 517 matri-

204 544 379 587 monium,
407 542 538 588 subjici
563 543 621 577 tot
647 541 765 576 causis
792 540 989 583 nullitatis,
1015 542 1094 576 tam
1112 540 1239 575 multis
1265 541 1438 576 clausulis
1464 540 1713 583 irritantibus,

204 606 256 645 ut,
283 603 313 638 si
338 601 518 637 attentius
536 600 659 635 omnia
684 598 1021 643 introspicerentur,
1048 600 1320 644 agnoscendum
1338 601 1436 635 certe
1460 602 1497 634 et
1520 599 1714 635 fatendum

204 663 298 697 esset
322 673 395 696 non
423 660 606 695 modicam
629 660 776 703 partem
803 657 1127 693 matrimoniorum
1145 669 1239 702 quae
1266 669 1351 693 cum
1376 656 1714 703 dispensationibus

206 720 490 760 contrahuntur,
517 717 622 752 nulla
647 717 684 752 et
707 716 998 751 irrita.evadere.
1047 716 1172 758 Porro,
1199 717 1385 760 quantum
1402 716 1471 752 hoc
1495 716 1637 751 malum
1654 715 1714 757 sit,

207 778 315 814 hodie
339 776 567 824 praesertim,
595 776 640 810 ob
666 774 772 810 civile
797 774 1088 815 matrimonium,
1115 786 1222 810 nemo
1248 786 1322 809 non
1348 774 1460 809 videt.

301 835 570 871 Examinentur
595 833 712 879 igitur
739 833 949 868 cautissime
973 844 1097 868 omnes
1130 833 1217 868 illae
1244 834 1420 879 ambages
1445 833 1717 869 formalitatum

208 897 246 932 et
270 895 531 935 formularum,
570 892 760 936 omnisque
785 891 852 927 illa
888 892 1138 927 clausularum
1172 891 1406 927 irritantium
1432 891 1637 938 congeries,
1675 891 1718 925 ut

208 954 442 1000 expellantur
476 963 497 986 a
522 954 601 987 tam
628 952 757 986 sancta
790 952 827 985 et
853 951 932 986 tam
957 952 1185 987 momentosa
1210 963 1269 993 re,
1296 951 1535 987 matrimonio
1570 950 1718 997 scilicet,

209 1012 360 1049 subtiles
385 1011 470 1046 illae
509 1013 546 1046 et
572 1011 661 1046 adeo
698 1010 922 1055 multiplices
959 1009 1146 1045 nullitatis
1174 1021 1321 1053 causae,
1364 1021 1458 1054 quae
1494 1021 1561 1045 nec
1595 1021 1719 1045 rerum

209 1073 344 1107 natura
369 1081 493 1106 omnes
518 1068 729 1114 exiguntur,
756 1080 823 1104 nec
848 1081 870 1103 a
897 1068 1196 1114 prudentioribus
1222 1068 1311 1113 ipsis
1330 1081 1471 1115 semper
1499 1068 1620 1104 caveri
1636 1080 1718 1114 pos—

210 1133 307 1174 sunt,
333 1132 369 1166 et
396 1141 490 1175 quae
514 1128 678 1164 infinitas
703 1128 942 1171 confessariis,
968 1128 1157 1174 parochis,
1192 1130 1229 1163 et
1253 1127 1474 1164 officialibus
1510 1127 1720 1163 anxietates

212 1192 249 1226 et
275 1189 462 1225 molestias
488 1189 624 1223 creant.

309 1247 458 1284 Aboleri
483 1246 664 1292 imprimis
689 1248 841 1291 optatur
868 1247 967 1288 haec,
995 1247 1084 1281 heu!
1123 1247 1203 1281 tam
1242 1247 1412 1291 frequens
1437 1246 1623 1282 nullitatis
1648 1244 1721 1280 dis-

213 1307 473 1354 pensationum
497 1317 606 1342 causa
633 1317 727 1349 quae
754 1316 798 1339 ex
814 1304 955 1339 incestu
979 1305 1155 1350 procedit.
1203 1306 1306 1348 Item,
1333 1307 1369 1341 et
1385 1306 1451 1340 illa
1468 1304 1556 1350 styli
1579 1304 1720 1350 regula,

210 1366 321 1411 juxta
347 1376 459 1408 quam
484 1362 619 1404 onmia,
652 1362 691 1396 in
717 1362 912 1406 rescriptiS,
950 1363 1017 1397 sub
1042 1362 1215 1399 irritante
1244 1363 1449 1399 conditione
1475 1363 1574 1408 exigi
1606 1362 1721 1397 inter-

214 1424 426 1469 pretantur,
463 1432 555 1465 quae
581 1421 746 1456 ablativo
772 1421 940 1456 absoluto
975 1421 1243 1466 exprimuntur.
1300 1423 1390 1457 Inde
1422 1422 1601 1466 siquidem
1634 1421 1724 1465 quot

214 1480 422 1517 scaturiant
447 1479 649 1521 nullifia‘oes,
675 1492 718 1514 ex
744 1479 1061 1521 confessariorum,
1087 1481 1333 1526 parochorum
1358 1483 1395 1517 et
1421 1480 1635 1517 officialium
1667 1479 1723 1515 in-

217 1539 460 1580 advertentia,
488 1539 550 1573 vix
576 1538 675 1573 credi
700 1540 840 1583 potest!

577 1646 627 1680 De
654 1645 788 1680 Indicis
813 1645 993 1681 librorum
1019 1646 1155 1692 regulis
1180 1648 1216 1681 et
1242 1646 1361 1691 praxi.

309 1717 519 1763 perlegenti
545 1716 675 1760 cuique
700 1716 846 1761 regulas
871 1716 1003 1751 indicis
1029 1716 1209 1752 librorum
1243 1716 1516 1761 prohibitorum
1541 1727 1634 1761 quae
1663 1727 1723 1762 ge—

218 1778 360 1813 nerales
384 1777 567 1818 dicuntur,
595 1775 713 1817 facile,
744 1776 785 1809 ut
812 1775 977 1818 videtur,
1017 1775 1214 1821 apparebit
1246 1788 1290 1811 ex
1315 1775 1389 1811 illis
1414 1775 1552 1820 regulis
1577 1774 1725 1817 multas,

217 1837 303 1872 licet
329 1848 371 1871 ea
397 1847 470 1879 qua
495 1834 615 1869 editae
641 1835 727 1869 sunt
753 1835 874 1869 aetate
899 1834 1165 1879 sapientissime
1190 1834 1374 1876 conditas,
1409 1845 1517 1876 nunc,
1543 1834 1645 1868 statu
1670 1843 1725 1868 so-

222 1894 365 1931 cietatis
391 1895 586 1935 humanae,
612 1893 772 1928 maxime
798 1904 883 1928 vero
909 1892 959 1927 rei
985 1892 1201 1933 litterariae,
1230 1891 1365 1936 ubique
1389 1894 1426 1928 et
1443 1891 1623 1927 radicitus
1648 1902 1728 1925 mu-

220 1956 313 1997 tato,
339 1953 480 1998 partim
501 1953 582 1998 jam
608 1953 666 1987 sat
690 1951 861 1995 inutiles,
888 1951 1027 1996 partim
1053 1951 1249 1986 observatu
1275 1950 1434 1985 maxime
1459 1949 1634 1993 difficileS,
1660 1949 1730 1985 ali-

222 2025 314 2058 quas
339 2011 453 2048 etiam
469 2010 711 2056 impossibiles
737 2009 904 2045 evasisse.
955 2010 1043 2044 inde
1071 2010 1112 2044 fit
1138 2010 1180 2044 ut
1196 2009 1458 2044 catholicorum
1485 2007 1729 2044 conscientiae

224 2072 306 2116 plus
332 2083 444 2114 quam
470 2081 627 2113 aequum
652 2070 745 2104 esset
770 2069 982 2113 graventur,
1009 2068 1188 2112 scrupulis
1204 2067 1408 2102 innumeris
1425 2067 1622 2103 anxientur
1647 2078 1730 2112 gra-

223 2129 490 2172 vissimaequae
526 2127 757 2171 exponantur
794 2125 994 2161 tentationi
1032 2126 1130 2170 leges
1163 2125 1351 2170 praesenti
1387 2137 1509 2161 rerum
1534 2125 1651 2160 statui
1674 2124 1729 2159 ita

224 2200 357 2234 parum
379 2187 674 2222 accommodatas
692 2184 1024 2230 praetermittendi.
1074 2184 1232 2220 Omnino
1251 2184 1366 2230 igitur
1386 2195 1527 2220 necesse
1543 2185 1581 2219 et
1597 2194 1731 2229 urgens

224 2248 317 2282 esset
342 2247 383 2280 ut
399 2245 485 2280 illae
501 2244 651 2289 regulae
668 2244 704 2278 et
722 2243 893 2278 universa
913 2254 970 2277 res
987 2243 1132 2285 Indicis,
1158 2255 1254 2278 novo
1274 2254 1420 2287 prorsus
1439 2242 1556 2285 modo,
1583 2243 1733 2278 nostrae

227 2304 345 2341 aetati
370 2303 499 2339 melius
524 2303 775 2347 attemperato
803 2303 841 2336 et
868 2301 1065 2336 observatu
1090 2301 1258 2342 faciliori,
1284 2301 1594 2336 instaurarentur.

321 2364 424 2406 Quod
452 2374 535 2397 vero
561 2362 703 2406 spectat
744 2361 790 2395 ad
828 2360 1071 2405 particulares
1097 2360 1274 2395 librorum
1302 2359 1638 2402 condemnationes,
1676 2370 1732 2395 re-

228 2424 395 2458 verenter
419 2421 640 2466 postulatur,
668 2421 709 2454 ut
734 2431 924 2463 nunquam
950 2419 1042 2454 liber
1069 2419 1202 2464 aliquis
1228 2419 1416 2464 scriptoris
1443 2418 1626 2462 catholici,
1653 2430 1732 2453 ma-

227 2481 324 2516 xime
350 2481 380 2516 si
404 2480 453 2515 sit
479 2480 535 2515 vir
562 2479 694 2524 optimi
725 2478 900 2521 nominis,
939 2491 960 2513 a
989 2479 1022 2513 S.
1049 2478 1342 2523 Congregatione
1380 2478 1578 2512 damnetur
1596 2505 1603 2519 ,
1643 2476 1734 2521 quin

227 2539 328 2586 prius
355 2540 482 2574 auctor
507 2537 758 2583 praemonitus
784 2537 912 2579 fuerit,
954 2548 994 2572 eo
1020 2537 1092 2572 fine
1120 2538 1162 2571 ut
1198 2536 1313 2581 possit
1338 2537 1420 2570 tum
1459 2535 1734 2571 observationes

228 2600 265 2633 et
289 2596 551 2643 explicationes
570 2598 797 2642 opportunas
815 2595 1061 2641 suppeditare,
1086 2596 1166 2629 tum
1191 2594 1305 2630 etiam
1330 2606 1372 2630 ea
1389 2605 1584 2639 suggerere
1600 2593 1731 2636 media,

227 2656 360 2701 quibus
385 2667 499 2700 saepe,
525 2667 564 2691 re
589 2655 788 2700 prudenter
815 2656 851 2690 et
877 2654 1072 2690 caritativo
1097 2653 1382 2695 accommodata,
1409 2653 1586 2688 damnum
1610 2650 1732 2696 publi—

228 2727 311 2750 cum
336 2714 642 2750 sufficientissime
668 2714 783 2749 vitari
806 2714 944 2759 posset,
973 2713 1060 2757 quin
1099 2712 1147 2747 ad
1172 2712 1309 2747 librum
1334 2711 1541 2747 formaliter
1565 2711 1733 2746 condem-

228 2775 406 2817 nandum,
441 2776 703 2818 auctoremque
740 2774 896 2809 infamia
929 2773 1233 2818 respergendum,
1272 2770 1516 2806 deveniretur.
1575 2768 1735 2814 Optatur

229 2835 422 2878 praeterea
447 2834 488 2868 ut
513 2834 546 2868 S.
573 2832 706 2868 Indicis
732 2832 981 2878 Congregatio
1014 2832 1199 2868 moderate
1232 2841 1373 2876 semper
1399 2829 1672 2873 toleranterque
1698 2837 1734 2863 se
