1812 3088
651 95 901 132 Aktenstiicke
926 97 1007 132 XF.
1486 101 1568 142 283

79 215 149 251 sibi
174 215 351 259 vindicat,
375 212 493 258 qualis
519 212 566 246 ad
590 210 754 245 munium
777 211 1103 248 ecclesiasticorum
1128 213 1338 249 exercitium
1359 211 1570 258 requiritur,

79 274 298 319 praeprimis
322 272 532 308 libertatem
557 281 579 305 a
605 268 753 305 servitio
779 268 945 305 militari.

172 332 308 368 Romae
332 330 389 365 die
416 330 437 364 8
462 326 634 363 Januarii
660 327 759 362 1870.

587 443 638 477 De
662 442 842 487 potestate
868 443 1062 478 Saeculari.

173 513 320 549 Placeat
344 512 502 548 Concilio
526 511 707 547 Vaticano
732 512 918 548 declarare
942 524 1035 557 quae
1061 517 1278 558 sequuntur:

173 572 202 606 1.
228 570 393 606 Potestas
417 568 611 605 saecularis
636 568 815 614 originem
849 581 869 603 a
895 570 968 605 Deo
993 570 1129 613 habet,
1169 571 1254 609 licet
1277 573 1474 616 indirecte;
1514 573 1569 610 ita

78 629 120 663 ut
144 629 256 664 etiam
281 639 303 663 a
327 628 460 672 populo
485 627 589 662 electi
613 638 716 672 reges
738 627 824 672 jure
848 627 974 663 divino
1001 630 1165 674 regnent.

173 686 206 721 2.
232 687 344 731 Leges
367 685 490 720 civiles
512 684 586 730 legi
621 685 803 727 naturali,
843 685 990 720 divinae
1016 687 1053 721 et
1085 687 1347 724 ecclesiasticae
1379 701 1453 725 non
1485 701 1569 725 con·

77 743 263 779 tradicant
277 770 285 786 ‚
323 743 385 779 sed
410 743 696 784 conformentur;
733 754 831 778 secus
868 743 1056 780 invalidae
1091 749 1176 780 sunt
1214 757 1280 782 nec
1303 747 1569 784 conscientiam

77 800 257 846 obligant.

170 860 202 894 3.
227 858 392 894 Potestas
417 857 611 893 saecularis
644 858 820 903 potestati
854 859 1117 896 ecclesiasticae
1150 862 1298 906 eiusque
1329 863 1509 900 institutis
1534 867 1570 901 et

76 916 218 962 legibus
242 916 503 961 protectionem
526 917 564 952 et
588 916 789 952 subsidium
813 917 931 952 debet.

169 974 201 1008 4.
226 974 392 1009 Potestas
417 975 614 1010 saecularis
654 987 746 1010 »non
783 975 860 1011 sine
885 987 994 1011 causa
1020 977 1186 1022 gladium
1223 982 1383 1024 portat«,
1420 981 1570 1025 ideoque

74 1034 136 1079 jus
161 1034 199 1069 et
223 1032 382 1069 officium
406 1033 484 1078 ejus
508 1035 574 1076 est,
599 1035 711 1070 bonos
736 1033 841 1076 tueri,
868 1035 983 1070 malos
1009 1036 1205 1080 reprimere
1230 1038 1267 1072 et
1290 1038 1433 1083 punire.

167 1093 199 1126 5.
224 1090 384 1125 Poenam
409 1090 604 1135 capitalem
628 1091 667 1126 in
693 1093 793 1127 certa
829 1091 986 1127 crimina
1025 1094 1198 1138 graviora
1212 1124 1219 1137 ‚
1255 1096 1469 1141 praesertim
1506 1098 1569 1132 ho-

77 1147 274 1190 micidium,
300 1147 488 1183 statuendi
511 1149 669 1193 potestes
691 1148 885 1184 saecularis
906 1150 967 1195 jus
994 1150 1107 1186 habet
1131 1151 1239 1196 idque
1257 1153 1442 1195 divinum;
1467 1153 1570 1199 cujus

77 1205 290 1241 exercitium
314 1205 431 1251 legale
455 1208 492 1241 et
517 1207 743 1242 moderatum
783 1208 830 1242 ad
855 1207 990 1242 bonum
1015 1220 1206 1246 commune
1239 1210 1420 1246 societatis
1451 1211 1571 1255 requi—

75 1263 180 1305 ritur,
207 1265 243 1299 et
268 1263 430 1309 ipsorum
454 1276 599 1300 reorum
623 1265 735 1301 saluti
761 1266 982 1310 generaliter
1017 1267 1198 1303 conducit.

164 1322 302 1358 Romae
326 1322 384 1357 die
409 1324 430 1357 9
456 1323 626 1358 Januarii
654 1325 752 1359 1870.

539 1451 589 1485 De
615 1451 860 1487 instructione
888 1452 1106 1497 juventutis.

169 1519 318 1556 Placeat
343 1520 502 1556 Concilio
527 1520 708 1556 Vaticano
742 1521 928 1557 declarare
954 1533 1046 1566 quae
1071 1524 1291 1566 sequuntur:

169 1576 414 1613 Christianam
437 1579 666 1624 juventutem
705 1580 858 1615 educare
892 1592 934 1615 ac
969 1580 1150 1617 instruere
1184 1581 1417 1617 ecclesiastici
1454 1582 1570 1627 magi-

74 1635 176 1670 sterii
201 1640 273 1677 est3
315 1637 407 1672 unde
431 1637 573 1672 scholas
610 1636 893 1673 christianorum
926 1639 1081 1684 erigere,
1118 1639 1277 1685 dirigere
1312 1641 1349 1675 et
1384 1639 1569 1685 inspicere,

76 1693 271 1739 magistros
303 1693 483 1740 deligere,
523 1695 727 1740 approbare
743 1724 750 1738 ‚
788 1696 902 1740 iisque
937 1697 1153 1743 invigilare;
1190 1698 1303 1734 libros
1338 1698 1570 1734 scholastlcos

73 1752 294 1794 examinare,
320 1752 536 1798 approbare,
563 1754 825 1798 praescribere:
866 1755 913 1790 ad
949 1756 1151 1801 episcopale
1189 1756 1349 1792 officium
1386 1758 1422 1791 et
1455 1767 1570 1791 sacer-

75 1810 197 1846 dotale
220 1809 465 1846 ministerium
489 1811 658 1855 pertinet,
685 1823 707 1846 a
732 1823 802 1855 quo
828 1813 905 1847 sola
931 1812 1074 1848 familia
1092 1813 1293 1849 christiana
1309 1813 1348 1847 in
1373 1812 1570 1848 educandis

74 1870 111 1903 et
137 1868 374 1904 instituendis
399 1869 523 1904 liberis
548 1870 726 1915 dependet
753 1872 789 1905 et
814 1870 967 1916 regitur.

165 1928 305 1963 Romae
330 1927 388 1963 die
415 1929 456 1963 10
483 1928 651 1964 Jannarii
680 1931 778 1965 1870.

550 2047 600 2082 De
629 2047 679 2081 sic
703 2047 809 2082 dictis
836 2047 1094 2083 Liber-tatibus.

171 2116 317 2152 Placeat
345 2116 580 2152 Oecumenico
604 2116 762 2151 Concilio
788 2117 968 2152 Vaticano
994 2117 1183 2161 sequentia
1208 2118 1411 2153 declarare:

167 2174 334 2210 Libertas
359 2173 598 2210 conscientiae
623 2176 659 2208 et
684 2175 819 2210 cultus.
856 2177 966 2219 atque
986 2176 1047 2220 jus
1071 2176 1238 2221 publicae
1262 2176 1570 2212 manifestationis

75 2231 342 2277 cogitationum
370 2233 435 2267 aut
461 2232 674 2276 opinionum
699 2245 769 2268 non
797 2233 934 2269 habent
962 2234 1080 2269 locum
1106 2246 1170 2270 nec
1203 2235 1329 2270 valent
1353 2236 1479 2270 contra
1504 2235 1569 2270 Ec-

76 2289 202 2325 clesiae
228 2290 494 2335 Magisterium⁷
534 2291 630 2334 quod
657 2291 916 2326 conscientiam
938 2292 1096 2337 obligat,
1124 2293 1264 2328 cultum
1297 2294 1477 2329 sincerum
1503 2293 1568 2329 Dei

79 2348 310 2390 determinat,
337 2350 373 2384 et
398 2361 521 2385 omnes
546 2349 860 2385 manifestationes
885 2350 1081 2395 spirituum
1108 2351 1297 2396 dijudicat.

165 2393 384 2441 Romae⁴die
412 2408 450 2441 11
478 2407 644 2442 Januarii
674 2408 772 2442 1870.

536 2527 587 2561 De
611 2526 854 2561 Beneficentia
882 2526 1100 2562 Christiana.

170 2596 314 2631 Placeat
339 2596 497 2632 Concilio
524 2597 761 2632 Oecumenico
787 2597 969 2632 Vaticano
997 2597 1182 2632 declarare
1218 2608 1310 2641 quae
1347 2599 1567 2641 sequuntur:

148 2653 265 2696 Quum
289 2654 435 2698 publica
461 2653 720 2694 beneficentia,
760 2665 854 2697 quae
877 2653 915 2688 in
940 2655 1009 2689 fide
1032 2653 1211 2690 fundatur
1245 2655 1281 2689 et
1318 2666 1361 2690 ex
1386 2654 1570 2690 charitate

78 2713 219 2753 manat,
247 2713 294 2747 ab
318 2712 477 2747 Ecclesia
502 2712 655 2747 inventa
680 2714 716 2747 et
747 2712 893 2747 exculta
917 2711 981 2753 sit,
1019 2724 1107 2748 cura
1131 2724 1334 2757 pauperum
1359 2714 1395 2748 et
1420 2713 1567 2748 misera-

78 2768 207 2804 bilium
231 2782 286 2806 res
313 2782 416 2805 sacra
441 2772 476 2805 et
501 2770 681 2805 Ecclesiae
705 2770 855 2815 propria
887 2771 941 2806 est
956 2798 963 2812 ‚
1002 2782 1068 2806 nec
1102 2770 1177 2805 sine
1202 2782 1345 2805 summa
1369 2770 1508 2817 injuria
1532 2772 1569 2805 et

76 2827 224 2863 nonnisi
246 2827 285 2863 in
310 2828 463 2864 humani
488 2828 629 2874 generis
654 2828 917 2864 detrimentum
940 2829 1099 2864 Ecclesia
1122 2828 1338 2874 impeditur,
1373 2828 1566 2874 quominus
