1812 3088
594 85 849 125 Aktenstiicke
874 83 992 123 XH1*.
1458 89 1537 129 301

43 203 146 242 niam
171 206 246 241 sint
269 217 391 242 omnes
417 216 520 240 casus
543 206 713 250 papales,
739 207 777 240 et
801 205 846 239 de
870 216 944 239 non
969 201 1095 247 paucis
1120 201 1253 237 merito
1277 200 1467 236 dubitetur
1492 211 1542 234 an

41 265 161 300 adhuc
186 264 350 310 vigeant,
375 275 498 299 necne.

135 322 222 365 Quis
255 335 326 358 non
361 322 592 357 vehementer
625 322 727 365 optet
752 319 988 355 confessarios
1025 319 1062 355 01
1083 317 1177 364 juris
1209 329 1251 352 ac
1276 318 1310 353 S.
1335 314 1542 361 theologiae

42 379 193 416 lectores
217 391 240 414 a
264 379 343 422 tali,
369 379 466 414 circa
490 390 567 414 rem
590 381 668 414 tam
695 389 857 424 gravem,
884 376 1093 413 confusione
1117 375 1286 411 liberari!
1306 375 1342 420 ¹).

46 483 98 519 De
133 484 300 529 catalogo
338 495 486 518 casuum
520 484 554 518 S.
580 483 748 518 Pontifici
780 484 1047 518 reservatorum
1083 480 1191 516 initio
1225 480 1385 526 cujusvis
1421 478 1542 525 ponti-

472 542 602 576 ficatus
627 541 811 576 exarando
836 542 872 575 et
896 540 1128 584 publicando.

134 613 189 647 Ne
227 623 311 647 vero
344 611 501 646 materia
539 623 776 647 censurarum
801 613 838 646 et
862 612 1095 656 peccatorum
1119 611 1154 645 S.
1179 608 1348 645 Pontifici
1381 618 1543 645 reserva-

43 672 166 705 torum
191 669 326 705 iterum
359 669 499 703 recidat
536 669 574 703 in
607 669 855 705 confusionem
888 669 993 704 illam
1019 680 1130 713 quam
1155 680 1254 703 nunc
1277 668 1463 709 videmus,
1490 666 1543 708 [de

41 739 115 771 qua
138 727 297 762 multum
333 726 469 770 ubique
495 727 659 767 doletur,
695 729 731 762 et
762 727 859 762 unde
882 726 1093 762 innumerae
1127 725 1371 767 difficultates,
1398 725 1543 760 dubita-

42 784 171 827 tiones,
197 783 500 819 conscientiarum
529 785 736 820 anxietates
762 796 944 830 emergere
963 786 1171 826 noscuntur,
1196 784 1402 819 reverenter
1420 784 1543 827 postu-

41 843 150 886 latur,
177 845 220 878 ut
243 843 403 887 quilibet
437 844 470 879 S.
498 844 685 886 Pontifex,
712 843 819 878 initio
844 843 1081 879 Pontificatus
1106 843 1181 884 sui,
1208 841 1411 886 publicaret
1436 842 1473 876 et
1497 840 1544 875 ad

41 901 228 937 universos
253 902 350 936 orbis
364 902 556 947 Episcopos
582 902 757 948 dirigeret
782 902 992 946 catalogum
1009 912 1243 936 censurarum
1260 901 1297 935 et
1312 900 1543 944 peccatorum

42 970 135 1004 quae
171 959 240 994 sibi
275 970 456 995 reservare
490 960 669 1001 intendit3
707 961 762 996 ita
802 962 844 995 ut
880 972 946 1005 pro
983 958 1169 1004 aorogatis
1206 957 1396 993 habendae
1427 958 1546 991 essent

42 1029 165 1053 omnes
191 1018 442 1062 praecedentes
470 1018 728 1054 reservationes
762 1030 855 1062 quae
881 1018 919 1052 in
945 1017 1112 1062 catalogo
1138 1014 1323 1051 Pontificis
1355 1014 1544 1059 regnantis

42 1075 240 1120 inscriptae
264 1087 337 1110 non
362 1075 598 1120 reperientur.

137 1134 217 1169 Duo
251 1133 413 1168 maxima
450 1134 638 1169 commoda
673 1146 715 1169 ex
750 1134 816 1169 illa
841 1134 946 1178 praxi
974 1134 1213 1178 profluerent:
1247 1131 1420 1174 Primum,
1447 1130 1544 1176 quod

46 1191 215 1236 deinceps
241 1191 349 1227 facile
371 1193 408 1226 et
433 1194 531 1227 certo
557 1192 641 1227 sciri
673 1193 720 1227 ab
746 1192 913 1227 omnibus
945 1193 1066 1236 posset
1090 1190 1241 1234 quinam
1266 1201 1368 1225 casus
1394 1189 1468 1224 sint
1492 1201 1546 1224 re-

48 1249 203 1292 servati,
241 1249 299 1285 vel
324 1261 409 1284 non.
470 1249 675 1285 Secundum
690 1278 697 1291 ‚
738 1251 834 1294 quod
872 1250 1060 1294 catalogus
1083 1248 1165 1291 ille,
1193 1260 1275 1283 cum
1300 1248 1350 1283 sic
1376 1247 1546 1283 revisioni

48 1300 364 1351 frequentissimae
389 1307 636 1352 subjiciendus
662 1310 774 1350 esset,
801 1309 1020 1352 opportime‚
1046 1309 1156 1351 prout
1180 1306 1399 1342 mutationes
1424 1317 1544 1341 10111111

45 1363 84 1398 id
112 1364 351 1409 postularent,
378 1366 657 1408 reformaretur3
683 1377 749 1401 nec
773 1378 937 1410 unquam
955 1364 1117 1400 eveniret
1132 1364 1393 1400 reservationes
1410 1364 1546 1399 multas

48 1433 187 1467 semper
211 1424 254 1457 ut
277 1434 375 1457 nunc
400 1423 452 1466 fit,
479 1423 516 1457 in
539 1423 621 1467 jure
645 1435 876 1468 permanere,
906 1423 1017 1458 etiam
1042 1425 1235 1468 postquam
1260 1422 1422 1467 ipsorum
1445 1421 1546 1457 utili-

47 1482 105 1515 tas
130 1480 324 1516 cessaverit
342 1480 380 1524 2).

140 1538 257 1574 Valde
281 1550 423 1582 quoque
448 1540 650 1583 optandum
675 1542 778 1580 esset,
805 1542 953 1584 propter
979 1540 1110 1574 similes
1127 1539 1294 1581 rationes,
1317 1540 1360 1573 ut
1383 1539 1546 1584 ejusdem

49 1597 192 1642 generis
216 1597 405 1642 catalogus
441 1597 548 1633 initio
583 1598 745 1643 cujusvis
769 1599 1003 1643 pontificatus
1040 1598 1308 1642 publicaretur,
1342 1597 1454 1632 etiam
1478 1608 1545 1642 pro

49 1654 208 1689 censuris
232 1667 305 1690 non
330 1656 542 1698 reservatis,
581 1658 709 1700 utpote
734 1668 843 1700 quae,
882 1656 919 1690 in
946 1656 1108 1691 millibus
1133 1655 1283 1690 decretis
1308 1657 1345 1690 et
1369 1655 1545 1690 constitu-

48 1711 210 1747 tionibus
225 1712 443 1748 Pontificum
467 1713 660 1758 dispersae,
688 1715 749 1749 vix
776 1728 817 1750 ac
842 1728 886 1751 ne
912 1715 973 1750 vix
989 1715 1136 1759 quidem
1161 1726 1182 1749 a
1206 1713 1434 1758 peritissimis
1458 1713 1545 1758 ipsis

49 1769 149 1805 nosci
173 1781 295 1805 omnes
319 1773 488 1816 possunt,
526 1774 563 1806 et
587 1774 789 1816 permultae
816 1773 853 1807 in
876 1774 958 1818 jure
982 1774 1141 1814 manent,
1167 1784 1260 1816 quae
1282 1772 1362 1817 jam
1386 1771 1544 1814 inutiles,

51 1829 116 1862 aut
140 1839 272 1872 parum
296 1828 403 1864 utiles
427 1829 582 1865 evasisse
608 1832 654 1866 ab
680 1831 848 1866 omnibus
871 1831 1070 1876 judicatur.

373 1935 423 1970 De
450 1936 591 1981 legibus
615 1935 950 1971 matrimonialibus,
972 1934 1222 1970 reformandis.

144 2003 235 2039 Cum
257 2015 300 2039 ex
326 2016 401 2040 una
422 2006 537 2049 parte,
565 2005 669 2040 civile
686 2005 782 2049 quod
800 2007 932 2041 vocant
949 2003 1225 2040 matrimonium
1249 2003 1303 2039 ita
1327 2015 1424 2038 nunc
1448 2003 1546 2047 apud

152 2131 175 2172 ¹)
202 2135 248 2164 Of.
274 2138 439 2174 postulata
465 2137 583 2166 Concil.
610 2137 695 2166 Trid.
723 2138 902 2176 proposita:

151 2181 258 2215 »Quod
294 2182 327 2211 in
363 2183 432 2212 foro
458 2184 670 2212 conscientiae
706 2185 828 2222 possint
854 2184 1000 2223 Episcopi
1035 2194 1053 2212 a
1079 2183 1204 2212 casibus
1230 2182 1402 2212 reservatis
1427 2183 1549 2221 Papae,

54 2229 196 2267 exceptis
220 2229 328 2266 poenis
357 2229 562 2266 gravissimis,
590 2230 765 2266 absolvere,
792 2233 823 2259 et
850 2231 1034 2269 dispensare
1060 2231 1093 2258 in
1117 2229 1412 2267 irregularitatibus
1429 2250 1435 2257 .
1453 2252 1460 2258 .
1481 2250 1488 2257 .
1515 2232 1548 2258 et

53 2276 138 2315 quod
163 2276 286 2314 possint
311 2275 477 2304 absolvere
504 2277 603 2304 semel
628 2277 659 2304 in
684 2277 752 2305 vita
778 2280 809 2305 et
835 2277 866 2305 111
893 2277 1001 2305 mortis
1027 2277 1170 2312 articulo,
1195 2279 1231 2305 ut
1250 2277 1359 2315 Papae
1377 2275 1548 2314 placuerit,

54 2321 136 2351 sicut
161 2321 344 2351 conceditur
368 2322 570 2359 Religiosis.«
621 2318 758 2361 (Postul.
785 2323 894 2352 Barth.
921 2333 939 2351 a
964 2323 1113 2360 Martyr.)

149 2367 326 2397 »ordinarii
359 2369 391 2396 in
425 2369 492 2398 foro
527 2369 740 2398 conscientiae
766 2370 898 2408 possint,
925 2372 1107 2398 annnuente
1134 2378 1253 2398 summo
1282 2368 1454 2404 Pontifice,
1491 2368 1546 2396 ab-

53 2415 175 2444 solvere
208 2417 240 2443 et
265 2406 450 2453 dispensare
475 2424 688 2454 quoscumque
704 2437 712 2451 ‚
751 2416 848 2444 etiam
873 2416 905 2444 in
930 2415 1056 2444 casibus
1082 2416 1276 2451 reservatis,
1307 2417 1339 2443 et
1362 2415 1547 2451 irregulari-

53 2460 175 2490 tatibus
191 2482 219 2490 ..
236 2482 243 2490 .
269 2469 305 2490 ac
330 2461 457 2490 demum
482 2461 604 2500 possint
629 2462 661 2489 in
688 2462 754 2491 foro
781 2462 1012 2498 conscientiae,
1041 2471 1123 2501 quae
1148 2464 1280 2501 possunt
1305 2460 1554 2489 Poenitentiarii

53 2507 221 2545 majores«
272 2506 406 2544 (Postul.
439 2509 597 2536 variorum
624 2507 784 2547 Episcop.)

155 2554 372 2584 »Decernatur
404 2555 502 2583 etiam
539 2563 646 2583 omnes
684 2557 715 2583 et
753 2563 965 2593 quoscumque
1000 2563 1092 2583 casus
1130 2555 1185 2593 qui
1219 2554 1260 2582 ad
1287 2553 1389 2582 forum
1414 2553 1547 2582 interius

55 2603 201 2639 spectant
218 2621 226 2629 .
246 2621 254 2628 .
272 2621 280 2628 .
299 2601 536 2630 Ordinariorum
557 2601 611 2629 uni
629 2600 760 2630 arbitrio
778 2601 1019 2630 committendos
1038 2609 1118 2637 esse,
1144 2599 1329 2629 auctoritati
1347 2602 1378 2628 et
1391 2599 1544 2636 judieio.«

55 2645 190 2682 (Postul.
214 2647 310 2684 Regis
336 2645 452 2683 Lusit.)

150 2689 175 2729 2)
205 2693 454 2729 »Censurarum,
489 2693 850 2722 excommunicationum
876 2696 932 2721 aut
958 2693 1234 2729 irregularitatum
1259 2692 1416 2728 omnium,
1452 2693 1548 2721 variis

57 2742 90 2768 et
116 2740 342 2778 multiplicibus
368 2740 400 2768 in
426 2740 704 2769 constitutionibus
731 2748 970 2779 expressarum,
1005 2739 1059 2768 vix
1094 2741 1192 2768 etiam
1217 2739 1335 2778 passim
1361 2748 1380 2767 a
1405 2739 1550 2777 pluribus

55 2788 88 2814 et
111 2787 206 2823 vulgo
233 2787 451 2823 cognitarum,
485 2786 646 2816 habeatur
670 2787 917 2825 conficiaturque
949 2787 1148 2824 catalogus«
1206 2782 1339 2825 (Postul.
1364 2785 1462 2823 Regis
1487 2785 1552 2814 Lu-

56 2833 152 2862 sitan.
178 2832 220 2862 ad
245 2832 362 2862 Concil.
389 2831 486 2869 Trici.)
