1812 3088
206 103 254 143 31
265 103 288 142 6
845 96 1068 142 Nachtrage.

212 214 515 251 Examinatorum
541 212 841 259 prosynodalium
869 211 1093 254 constiterit,
1127 211 1282 248 eundem
1311 213 1359 248 ad
1382 213 1582 259 regendam
1605 224 1712 258 paro-

207 273 329 308 chiam
356 284 427 308 non
455 271 613 317 amplius
637 282 712 306 esse
736 270 918 306 idoneum.

941 375 985 408 X.

305 448 459 492 Propter
482 446 663 481 immensa
686 445 860 490 pericula,
896 457 990 489 quae
1014 457 1079 490 per
1103 447 1240 482 sectam
1264 449 1495 483 muratorum
1520 446 1718 482 liberorum

209 508 463 551 nuncupatam
489 505 652 549 aliasque
678 504 868 540 societates
894 506 1050 540 secretas
1068 505 1233 549 quotidie
1258 505 1312 542 rei
1329 505 1560 541 Christianae
1583 516 1719 551 paran-

212 569 282 606 tur,
312 565 416 600 enixe
442 563 613 610 petimus,
646 564 688 597 ut
714 563 748 598 S.
773 562 976 598 Concilium
1001 563 1146 599 decreta
1172 565 1302 599 contra
1325 563 1505 609 ejusmodi
1529 563 1719 599 societates

208 625 286 671 jam
314 623 457 669 pridem
473 622 714 668 promulgata
740 631 919 657 renovare
946 632 1011 656 nec
1037 633 1109 657 non
1136 621 1329 657 efficaciori
1354 621 1462 656 modo
1488 622 1617 657 contra
1641 632 1718 656 eas-

212 683 296 718 dem
320 681 515 727 procedere
539 680 724 726 dignetur.

308 739 452 776 Motiva
477 751 618 775 necnon
644 738 817 784 speciales
851 738 1133 783 postulationeS,
1168 750 1261 783 quae
1294 739 1343 774 ad
1375 739 1471 776 hanc
1504 737 1722 784 petitionem

214 799 419 845 pertinent,
455 799 495 833 in
521 799 645 834 libello
671 798 814 843 adjecto
847 798 914 832 sub
945 797 1076 833 titulo:
1116 797 1218 840 »Qua
1242 797 1305 832 via
1330 797 1491 832 Ecclesia
1512 796 1643 832 contra
1668 806 1724 831 so-

217 858 368 893 cietates
394 858 552 892 secretas
577 857 772 901 procedere
797 856 922 892 valeat
947 858 1034 891 etc.«
1063 856 1178 891 satius
1194 858 1440 902 exponuntur.
1481 855 1654 897 Petimus,
1682 855 1726 888 ut

217 927 260 951 ex
286 914 439 961 adjectis
464 914 733 959 exemplaribus
757 926 872 948 unum
898 913 1135 949 Sanctissimo
1159 913 1283 957 Patri,
1309 915 1390 950 octo
1414 911 1722 949 Eminentissimis

219 975 253 1010 S.
281 973 433 1009 Concilii
459 973 693 1009 Praesidibus
720 973 756 1008 et
773 972 984 1008 Secretariis
1010 972 1262 1015 exhibeantur,
1291 973 1507 1016 caeteraque
1531 971 1628 1007 inter
1654 970 1726 1006 sin-

219 1033 323 1078 gulos
349 1033 476 1068 Patres
509 1032 793 1068 distribuantur.

312 1092 448 1127 Romae
475 1091 571 1126 VIII.
599 1090 768 1127 Januarii
797 1090 898 1125 1870.

919 1254 1037 1298 XV*.

717 1360 839 1396 Emmi
864 1372 906 1396 ac
931 1360 1056 1395 Rmmi
1081 1358 1248 1395 Domini!

321 1446 527 1484 Concilium
553 1444 814 1480 Tridentinum
838 1456 906 1489 pro
931 1442 1194 1479 reformatione
1228 1439 1362 1476 statuit
1385 1450 1429 1475 ea
1456 1449 1550 1483 quae
1574 1439 1735 1475 statuere

224 1508 371 1554 poterat
397 1505 542 1541 attenta
567 1505 775 1549 temporum
800 1502 1032 1538 necessitate:
1059 1512 1134 1536 non
1151 1501 1277 1535 autem
1295 1498 1328 1534 ei
1345 1498 1476 1534 datum
1492 1497 1565 1533 fuit
1580 1495 1734 1533 meliora

224 1568 262 1602 et
286 1564 504 1611 perfectiora
530 1562 789 1608 praescribere.

321 1622 490 1669 Episcopi
527 1622 652 1657 autem
678 1620 797 1666 Belgii
832 1620 978 1656 decreta
1012 1617 1264 1663 disciplinaria
1295 1614 1502 1651 Tridentini
1536 1613 1736 1658 adimplere

231 1682 354 1719 conati
389 1682 476 1716 sunt
500 1682 555 1722 et,
583 1680 657 1715 Deo
683 1679 938 1722 benedicente,
978 1678 1158 1723 quaedam
1192 1677 1241 1712 ad
1267 1676 1446 1720 majorem
1477 1671 1738 1719 perfectionem

223 1743 335 1788 juxta
361 1737 569 1774 Tridentini
594 1738 752 1772 mentem
771 1737 1035 1782 perduxerunt.
1084 1735 1178 1769 Hinc
1201 1732 1460 1779 perfectionem
1484 1731 1674 1766 inductam
1701 1730 1739 1764 et

227 1802 307 1847 jam
332 1811 400 1834 usu
417 1798 605 1832 firmatam
624 1807 835 1832 consecrare
853 1795 1050 1840 cupienteS,
1076 1793 1210 1838 petunt
1234 1792 1381 1827 decreta
1398 1789 1550 1826 Concilii
1565 1786 1740 1824 Vaticani

228 1861 284 1895 ita
312 1856 501 1898 conscribi,
528 1856 571 1890 ut
595 1855 686 1890 haec
711 1854 885 1899 perfectio
912 1865 984 1889 non
1012 1851 1250 1897 impediatur,
1281 1850 1355 1885 imo
1381 1851 1425 1884 ut
1451 1847 1630 1884 nonnulla
1655 1845 1736 1880 uni-

230 1917 422 1954 versaliter
447 1915 750 1951 commendentur
776 1925 818 1948 ac
844 1912 1139 1958 praecipiantur,
1175 1911 1217 1944 ut
1243 1908 1404 1944 breviter
1429 1907 1468 1942 in
1494 1904 1740 1950 sequentibus,

231 1975 374 2022 judicia
392 1972 656 2014 Ecclesiastica,
684 1971 828 2007 Clerum
854 1983 896 2006 ac
924 1971 1004 2016 pias
1023 1969 1219 2005 nonnullas
1236 1965 1549 2012 congregationes
1574 1964 1739 2009 spectan-

234 2035 347 2077 tibus,
373 2033 581 2079 exponitur.

978 2122 1006 2157 Ι.

750 2196 803 2231 De
829 2193 982 2230 Judiciis
1007 2191 1238 2228 Clericorum.

332 2272 375 2305 ln
400 2269 529 2315 Belgio
553 2268 734 2303 Tribunal
758 2265 1055 2303 Ecclesiasticum
1078 2264 1117 2298 in
1134 2261 1281 2298 Clericis
1304 2258 1516 2307 judicandis
1532 2256 1656 2303 potius
1680 2267 1745 2300 pa-

237 2333 386 2366 ternum
411 2327 535 2364 vocari
560 2328 690 2373 posset,
716 2327 831 2370 fitque
856 2326 933 2360 sine
957 2324 1032 2359 ullo
1058 2321 1226 2367 strepitu.
1275 2317 1486 2364 Presbyteri
1511 2313 1673 2361 prolapsi
1698 2313 1746 2350 ab

240 2389 420 2435 Episcopo
441 2388 618 2422 vocantur
643 2386 680 2420 et
696 2383 958 2420 correctionem
975 2391 1204 2427 poenamque
1221 2377 1358 2424 passim
1376 2375 1535 2412 subeunt
1560 2372 1745 2415 submisse,

239 2448 392 2483 firmiter
426 2446 592 2491 persuasi
629 2445 718 2479 haec
751 2442 827 2478 fieri
858 2443 958 2488 juste
991 2443 1028 2476 et
1061 2437 1353 2474 misericorditer.
1403 2435 1445 2469 In
1470 2431 1658 2468 tabulario
1683 2430 1745 2465 vix

239 2505 380 2550 aliquid
405 2506 573 2540 servatur
597 2515 669 2547 quo
697 2503 796 2537 fama
821 2501 916 2537 Cleri
941 2499 1113 2535 imminui
1147 2495 1346 2542 aliquando
1371 2492 1506 2539 possit,
1541 2490 1612 2525 nisi
1644 2500 1748 2535 prae-

242 2565 412 2600 videatur
438 2561 633 2598 necessitas
659 2560 860 2597 adhibendi
885 2559 1068 2603 quaedam
1094 2556 1323 2595 documenta,
1349 2552 1377 2586 si
1404 2551 1448 2585 de
1474 2548 1658 2585 sententia
1686 2560 1750 2593 ap-

241 2625 409 2669 pelletur.

336 2680 548 2717 Postulatur
582 2678 707 2722 itaque
744 2679 786 2712 ut
819 2676 979 2711 addatur
1013 2674 1051 2709 in
1081 2672 1235 2708 decretis
1269 2672 1313 2707 de
1344 2668 1512 2716 judiciis:
1551 2666 1579 2702 si
1616 2663 1751 2702 alicubi

245 2740 370 2776 omnia
386 2740 538 2784 paterne
562 2738 666 2779 fiant,
692 2737 746 2771 ita
771 2737 812 2770 ut
838 2734 1032 2779 disciplina
1050 2731 1278 2768 ecclesiastca
1302 2728 1387 2763 inde
1410 2726 1555 2761 nullum
1571 2725 1749 2760 damnum

243 2798 428 2844 patiatur,
466 2797 562 2831 hanc
594 2794 751 2840 praxim,
778 2791 1054 2829 mansuetudini
1081 2788 1216 2826 Christi
1243 2787 1482 2828 conformem,
1519 2783 1621 2818 nullo
1645 2782 1752 2818 modo

244 2857 494 2902 improbatam
519 2855 698 2890 volumus.
