1812 3088
623 135 875 172 Aktenstiicke
900 135 1018 170 ΧΠΙ*.
1483 137 1565 176 293

75 256 319 300 Quamobrem
342 255 449 290 valde
474 252 677 298 optandum
704 251 899 293 videretur,
924 249 1194 294 instantiusque
1216 250 1437 296 postulatur,
1462 251 1505 284 ut
1526 259 1568 284 ea

74 315 119 351 de
143 325 193 357 re,
218 315 347 349 tantae
383 312 509 356 utique
534 313 570 346 et
602 312 680 345 tam
705 309 872 355 urgentis
897 308 1133 352 necessitatis,
1158 310 1334 354 parochos
1372 320 1494 344 omnes
1527 318 1570 342 ac

72 373 276 409 sacerdotes
300 372 494 407 admonere
517 369 628 404 vellet
652 367 863 411 Concilium,
907 367 1302 412 vehementissimeque,
1327 368 1407 402 tum
1433 367 1565 402 adhor-

72 431 198 473 tando,
223 431 304 465 tum
329 429 440 464 etiam
464 425 729 473 praecipiendo,
755 437 814 461 eos
841 426 888 460 ad
912 425 951 459 id
975 425 1185 460 faciendum
1210 424 1399 460 excitaret.

166 489 213 523 Et
236 487 372 532 primo:
399 498 480 521 cum
505 485 664 526 matura,
691 484 859 527 frequens
876 485 912 519 et
937 484 1063 518 sedula
1084 483 1258 519 confessio
1275 482 1567 519 efficacissimum

71 546 121 581 sit
145 545 304 581 medium
329 555 399 588 quo
424 543 527 589 pueri
563 541 684 577 averti
722 553 744 575 a
772 540 872 575 vitiis
897 542 934 576 et
973 540 1184 576 christianis
1210 540 1412 576 virtutibus
1450 541 1567 576 imbui

71 603 223 650 possint,
248 601 485 638 nihilominus
520 612 604 635 vero
642 610 747 634 nemo
774 599 912 634 nesciat
936 610 1132 644 puerorum
1157 599 1415 635 confessionem
1440 611 1462 634 a
1485 611 1566 645 per-

70 661 198 698 multis
221 659 389 708 parochis
414 659 521 694 valde
545 657 703 704 negligi,
738 659 1036 693 commoneantur
1071 659 1106 693 et
1127 658 1329 703 jubeantur
1363 669 1485 693 omnes
1511 670 1566 694 sa-

69 718 232 755 cerdotes
266 729 392 752 curam
417 717 626 752 animarum
651 717 846 758 habentes,
873 717 914 750 ut
937 719 1110 761 parvulos
1124 744 1131 757 ,
1171 717 1299 751 statim
1336 728 1378 751 ac
1411 716 1566 751 rationis

69 777 231 813 aetatem
256 774 381 819 adepti
407 776 511 816 sunt,
551 774 762 809 confitentes
788 773 914 808 audire
946 773 1148 819 incipiant,
1175 774 1395 818 {frequenter
1434 785 1492 809 eos
1518 773 1566 808 ad

70 846 215 870 sacrum
241 833 406 869 tribunal
432 834 640 874 accersant,
681 834 718 868 et
742 833 886 868 teneras
911 832 1091 877 ispsorum
1117 832 1276 874 animas,
1311 831 1446 866 Christi
1482 843 1565 866 san-

69 893 181 938 guine
204 892 423 936 redemptas,
451 903 473 926 a
497 890 656 936 peccatis
682 891 880 932 absolvere,
924 892 960 925 et
985 891 1032 925 ad
1057 890 1235 935 pietatem
1258 890 1486 934 virtutesque
1508 889 1564 923 in-

68 951 237 993 formare,
263 950 362 986 omni
387 961 457 994 quo
484 950 658 994 poterunt
682 949 766 991 zelo,
793 949 978 984 studeant.

66 1078 119 1114 De
132 1077 368 1114 Catechismis
380 1077 522 1122 primae
533 1077 776 1112 communioni
790 1077 959 1122 praeviis
977 1079 1014 1113 et
1028 1078 1071 1113 de
1085 1078 1264 1123 juvenum
1277 1078 1563 1122 perseverantia.

161 1157 409 1193 Saluberrima
432 1156 558 1201 praxis
583 1168 714 1201 pueros
739 1157 786 1191 ad
810 1157 970 1202 primam
997 1159 1306 1201 communionem,
1333 1171 1397 1204 per
1422 1159 1564 1203 aliquot

67 1227 193 1258 annos,
220 1214 447 1250 catechismis
472 1214 644 1259 publicis,
681 1216 717 1249 et
742 1215 1051 1259 frequentioribus
1085 1217 1368 1253 confessionibus
1404 1228 1560 1262 praepa-

64 1274 182 1316 randi,
207 1273 408 1309 uberrimos
433 1273 594 1315 fructus,
630 1273 847 1317 ubicumque
880 1274 942 1309 ille
967 1286 1044 1310 mos
1069 1277 1235 1320 receptus
1261 1277 1335 1318 est,
1373 1276 1559 1320 produxit.

65 1332 182 1368 Valde
204 1331 321 1378 igitur
348 1331 509 1375 optabile
535 1331 731 1373 videretur,
758 1343 779 1366 a
805 1331 964 1367 Concilio
982 1333 1207 1368 laudabilem
1224 1333 1329 1369 illam
1346 1335 1561 1369 salutarem-

65 1401 134 1434 que
160 1391 307 1435 praxim
332 1389 589 1430 commendari,
617 1391 728 1433 atque
751 1389 790 1424 in
816 1390 988 1425 universa
1013 1391 1176 1436 praecipi
1201 1392 1372 1427 Ecclesia.

157 1448 317 1483 Maxime
341 1447 453 1482 etiam
489 1447 697 1483 laudandae
734 1449 770 1483 et
795 1449 1106 1484 commendandae
1130 1451 1248 1485 essent
1282 1451 1439 1496 majores
1474 1450 1561 1486 illae

63 1507 266 1542 catecheses
291 1518 313 1541 a
338 1506 616 1541 Perseverantia
640 1508 894 1551 nuncupatae,
933 1507 972 1542 in
998 1507 1149 1551 quibus,
1188 1510 1271 1553 post
1307 1509 1466 1553 primam
1502 1521 1561 1553 sy-

63 1564 199 1606 naxim,
222 1564 397 1610 juventus
422 1563 628 1599 doctrinam
652 1564 909 1607 Christianam,
935 1565 1101 1610 pluribus
1119 1566 1234 1609 annis,
1262 1567 1373 1602 altius
1398 1566 1559 1611 plenius-

64 1635 133 1667 que
159 1623 297 1666 ebibit,
334 1625 370 1658 et
402 1624 448 1658 ad
482 1634 608 1658 veram
633 1623 858 1667 solidamque
894 1624 1070 1669 pietatem
1106 1624 1286 1660 efficacius
1322 1624 1558 1660 efformatur:

62 1681 152 1717 item
176 1682 213 1717 et
237 1681 323 1718 illae
348 1682 474 1716 variae
512 1682 796 1716 adolescentium
834 1683 870 1716 et
891 1683 1068 1727 juvenum
1096 1682 1307 1724 societates,
1345 1683 1411 1718 sub
1447 1682 1560 1717 variis

62 1739 188 1775 formis
212 1740 249 1775 et
274 1740 460 1774 vocabulis
485 1739 679 1775 institutae
704 1740 875 1785 (Oeuvres
902 1741 946 1776 de
972 1741 1158 1783 Jeunesse,
1187 1741 1341 1776 Societes
1366 1742 1410 1776 de
1434 1741 1558 1786 patro-

62 1809 168 1843 nage,
194 1797 332 1833 Cercles
357 1798 559 1843 religieux),
585 1798 649 1833 ubi
670 1798 846 1844 juvenilis
871 1800 982 1841 aetas,
1010 1799 1170 1834 honestis
1195 1799 1482 1835 relaxationibus
1504 1801 1558 1835 al-

61 1856 179 1898 lecta,
220 1856 389 1901 periculis
416 1857 649 1901 voluptatum
675 1857 963 1901 societatumque
989 1858 1260 1893 mundanarum
1296 1858 1451 1894 feliciter
1488 1858 1558 1894 eri—

60 1914 172 1959 pitur,
199 1914 307 1949 simul
332 1916 369 1950 et
393 1926 456 1959 per
480 1914 538 1959 pia
560 1915 740 1959 quaedam
759 1916 944 1958 exercitia,
972 1915 1263 1959 christianasque
1281 1916 1556 1952 adhortationes

59 1972 99 2007 in
124 1971 185 2007 via
211 1972 393 2008 virtutum
416 1975 453 2007 et
478 1973 606 2008 salutis
632 1973 805 2019 dirigitur
841 1976 878 2010 et
903 1975 1083 2010 firmatur,

652 2079 703 2113 De
728 2078 971 2123 regularibus.

153 2158 256 2194 Circa
281 2160 475 2205 regulares,
502 2159 565 2203 qui
591 2171 675 2204 pars
700 2161 779 2194 tam
804 2160 935 2196 nobilis
961 2162 999 2195 et
1023 2163 1101 2196 tam
1127 2161 1229 2196 utilis
1254 2164 1340 2197 sunt
1363 2162 1553 2205 Ecclesiae,

61 2217 168 2253 modo
204 2219 402 2253 secundum
439 2219 558 2253 status
595 2218 650 2253 sui
687 2218 949 2263 perfectionem
985 2221 1022 2254 et
1057 2219 1223 2265 vigorem
1256 2222 1380 2255 sancte
1412 2221 1554 2264 vivant,

60 2276 237 2311 nonnulla
263 2277 460 2311 statuenda
485 2276 705 2318 viderentur,
732 2289 888 2320 quorum
912 2278 1002 2312 haec
1024 2278 1240 2323 praecipua:

153 2335 384 2370 Suadeantur
409 2336 446 2369 et
472 2335 740 2369 admoneantur
767 2347 889 2370 omnes
914 2335 1085 2381 Religiosi
1115 2336 1282 2378 Ordines,
1309 2337 1371 2372 sed
1396 2337 1451 2371 illi
1476 2350 1554 2373 ma-

60 2391 156 2428 xime
180 2392 253 2436 qui,
280 2393 325 2427 de
344 2404 443 2428 novo
469 2393 625 2435 fundati,
652 2393 708 2427 vel
734 2395 982 2435 renascentes,
1008 2394 1331 2439 periculosissimae
1355 2397 1554 2432 tentationi

59 2449 167 2486 citius
191 2451 373 2487 crescendi
401 2451 548 2486 obnoxii
574 2463 648 2487 esse
673 2453 843 2496 possent,
882 2453 924 2486 ut
949 2452 1347 2498 circumspectissimam
1384 2456 1421 2490 et
1455 2466 1554 2491 seve-

61 2507 246 2543 rissimam
283 2509 526 2545 attentionem
564 2510 736 2545 adhibere
769 2522 958 2554 nunquam
992 2511 1168 2546 omittant
1204 2512 1241 2546 in
1277 2512 1492 2549 discretione
1517 2516 1555 2550 et

56 2566 229 2602 electione
253 2567 484 2603 subditorum
522 2568 586 2612 qui
619 2568 691 2602 illis
726 2568 905 2604 adsociari
942 2570 1143 2614 postulant.
1180 2591 1222 2596 ——
1260 2571 1473 2606 Novitiatus
1510 2583 1550 2608 eo

55 2624 301 2659 instituantur
324 2627 361 2660 et
385 2626 596 2671 dirigantur
614 2627 731 2668 modo,
757 2630 794 2662 et
819 2627 875 2662 ita
893 2627 1067 2663 diuturno
1092 2630 1255 2673 tempore
1272 2630 1550 2674 protrahantur,

57 2683 99 2716 ut
123 2682 304 2727 aptissimi
330 2684 403 2718 sint
429 2685 475 2719 ad
513 2685 777 2720 efformandam
802 2685 962 2722 indolem
988 2686 1221 2732 religiosam,
1257 2688 1293 2722 et
1317 2687 1550 2722 instillandas

55 2751 99 2774 ac
122 2740 336 2776 excolendas
360 2741 397 2776 in
424 2743 574 2778 novitiis
601 2756 722 2779 omnes
748 2744 904 2779 virtutes
928 2745 1178 2791 evangelicas,
1218 2746 1350 2790 quibus
1372 2758 1549 2791 personae

56 2798 129 2833 Deo
154 2798 298 2834 dicatae
321 2801 457 2844 pollere
491 2803 634 2838 debent.
663 2825 703 2828 —
731 2804 844 2845 Item,
881 2805 919 2838 et
955 2805 1036 2848 post
1071 2805 1241 2840 emissam
1277 2805 1546 2849 professionem,

56 2854 202 2900 aptiora
225 2867 389 2902 quaeque
413 2860 661 2896 adhibeantur
686 2862 722 2896 et
746 2862 977 2898 cumulentur
993 2863 1124 2904 media,
1149 2863 1280 2908 quibus
1304 2864 1451 2900 eaedem
1473 2862 1547 2899 vir-
