1812 3088
200 116 282 155 286
831 111 1054 156 Nachtrage.

200 225 328 262 tholici
353 237 420 270 pro
445 225 582 261 tuenda
609 225 827 261 educatione
851 225 1040 261 Catholica
1057 227 1340 263 adolescentium
1363 228 1424 274 pie
1442 229 1704 274 fundaverunt,

199 283 265 319 filii
278 283 472 328 degeneres
483 281 650 317 hostibus
663 281 865 327 Religionis
882 282 1030 317 tradere
1046 295 1119 318 non
1135 284 1363 328 erubescant,
1384 286 1446 330 qui
1463 287 1506 323 de
1520 299 1585 323 sua
1597 290 1707 334 parte

200 353 276 377 rem
290 340 445 386 perfidia
465 339 647 374 traditam
668 340 708 374 in
729 340 1003 385 corruptionem
1025 341 1234 378 Catholicae
1251 343 1462 388 juventutis
1478 347 1706 390 pervertunt.

294 402 325 435 3.
355 398 504 434 Scholae
529 397 739 433 Catholicae
764 398 878 433 etiam
904 399 1105 444 superiores
1143 400 1219 436 sive
1245 400 1411 447 Collegia
1443 404 1479 438 et
1504 403 1706 449 Gymnasia

199 461 237 494 in
263 457 465 504 Gymnasia
490 456 609 491 mixta
632 456 769 500 iniquis
793 457 937 502 legibus
965 458 1021 493 vel
1047 458 1164 503 pactis
1184 461 1471 495 commutantur.
1509 462 1556 496 Et
1570 462 1706 498 tristis-

200 518 333 552 simum
357 514 535 561 ejusmodi
560 514 859 550 commutationis
904 516 1113 561 exemplum
1146 528 1188 552 ex
1213 529 1295 553 mea
1320 518 1453 554 diocesi
1486 519 1519 554 S.
1546 520 1708 555 Gallensi

199 587 363 621 expono,
403 586 474 619 quo
512 586 585 609 uno
621 574 740 608 cetera
764 573 932 618 exempla
969 574 1088 609 omnia
1119 575 1283 620 dignosci
1320 579 1507 621 poterunt.
1556 578 1710 613 Exstitit

202 646 270 680 pro
293 631 493 669 Catholicis
518 631 647 667 incolis
672 631 711 666 in
738 632 771 667 S.
800 632 907 667 Gallo
937 633 1019 678 jam
1044 633 1167 669 decem
1200 633 1336 669 abhinc
1370 637 1456 670 ante
1489 648 1604 672 annos
1629 636 1708 672 Col-

203 692 338 738 legium
371 690 446 726 sive
470 690 629 735 Lyceum
669 689 878 725 Catholicae
903 690 1132 726 fundationis
1156 691 1245 726 satis
1282 692 1525 737 splendidum.
1575 694 1707 731 Catho-

200 751 291 786 licae
317 748 512 794 Religioni,
539 747 698 782 scientiis
724 750 761 783 et
787 748 930 784 artibus
948 748 1113 784 dicatum
1138 751 1175 785 et
1199 763 1221 785 a
1246 752 1418 787 trecentis
1436 752 1595 798 amplius
1621 754 1706 789 ado-

198 808 419 846 lescentibus
444 806 642 842 Catholicis
670 807 957 851 frequentatum.
1016 808 1110 853 Opes
1145 810 1181 844 et
1218 809 1349 845 fundos
1383 812 1533 857 hujusce
1557 811 1709 858 Collegii

200 869 387 914 quondam
414 866 678 913 suppeditabat
703 866 886 902 ditissima
912 867 1120 903 haereditas
1146 869 1358 904 monasterii
1387 881 1413 904 s.
1440 870 1539 905 Galli
1567 869 1708 915 injuria

203 926 375 972 temporis
402 937 499 961 anno
527 925 615 960 1805
641 924 809 960 extincti.
861 925 1060 970 Postquam
1098 927 1254 972 populus
1284 927 1493 964 Catholicus
1529 939 1603 963 una
1626 939 1710 962 cum

200 987 434 1023 celeberrimo
460 987 528 1020 hoc
552 985 772 1021 monasterio
799 985 961 1020 scholam
987 986 1104 1021 eidem
1139 987 1311 1031 junctam
1337 987 1528 1028 amiserat,
1566 986 1605 1020 in
1630 986 1709 1031 ejus

200 1049 319 1083 locum
345 1057 411 1091 pro
437 1043 634 1079 Catholicis
659 1044 697 1078 in
724 1043 875 1079 aedibus
896 1044 1115 1089 amplissimi
1137 1045 1308 1081 Coenobii
1333 1057 1469 1081 novum
1495 1045 1710 1081 subvectum

202 1104 274 1139 fuit
299 1103 512 1149 Collegium,
552 1101 770 1147 magnisque
795 1102 919 1137 fundis
945 1102 1117 1137 ditatum.
1168 1103 1310 1138 Floruit
1346 1104 1468 1139 schola
1505 1103 1594 1139 haec
1621 1103 1710 1138 San-

203 1161 376 1209 gallensis
400 1160 579 1197 recentior
605 1171 718 1204 usque
757 1160 804 1194 ad
830 1171 970 1194 annum
999 1161 1098 1203 1856,
1125 1172 1197 1204 quo
1222 1161 1372 1195 tandem
1409 1160 1535 1205 iniquo
1572 1161 1609 1195 et
1634 1160 1710 1196 vio-

202 1223 301 1258 lento
327 1222 414 1256 actu
440 1231 634 1266 suppressa
651 1220 687 1254 et
713 1219 751 1253 in
770 1219 928 1254 mixtam
952 1230 1128 1254 conversa
1146 1218 1226 1253 fuit.
1277 1219 1374 1253 Nam
1391 1220 1555 1263 tempore
1579 1219 1704 1254 nostro

203 1292 269 1316 nec
293 1279 528 1315 fundationes
553 1289 618 1314 nec
653 1278 748 1324 juris
776 1277 878 1312 tituli
912 1279 947 1312 et
972 1278 1195 1313 documenta
1222 1279 1350 1313 contra
1374 1289 1508 1313 novum
1539 1277 1601 1323 jus
1634 1276 1710 1312 vio-

203 1339 338 1375 lentiae
374 1338 411 1373 et
436 1336 585 1381 iniquae
622 1334 851 1380 majoritatis
878 1334 1037 1379 amplius
1067 1335 1202 1370 valent.
1252 1335 1294 1369 In
1328 1334 1475 1370 consilio
1515 1334 1710 1370 Oantonali

203 1396 338 1443 maj0ri
364 1394 574 1431 votantium
606 1405 758 1428 numero
792 1392 994 1438 Collegium
1022 1393 1115 1427 illud
1138 1392 1350 1428 Catholicae
1373 1392 1602 1428 fundationis
1639 1392 1711 1427 fuit

204 1466 447 1502 suppressum,
474 1452 662 1489 Catholico
686 1452 821 1497 populo
849 1451 1084 1496 subreptum,
1123 1451 1161 1486 in
1189 1451 1389 1496 Collegium
1423 1451 1581 1486 mixtum
1614 1462 1710 1486 com-

202 1516 388 1550 mutatum
426 1512 483 1548 vel
518 1514 559 1547 ut
596 1511 729 1546 clarius
767 1510 888 1546 (licam
927 1510 1027 1556 parti
1056 1510 1346 1545 Protestantium
1385 1509 1576 1545 traditum.
1626 1510 1708 1545 Non

201 1574 347 1609 defuere
374 1570 593 1607 monitiones
619 1569 787 1615 Episcopi
821 1568 1055 1613 universique
1081 1568 1196 1609 Cleri,
1231 1580 1295 1604 nec
1329 1568 1525 1614 petitiones
1550 1567 1710 1603 Catholi—

199 1645 335 1675 cormn,
361 1642 557 1674 eorumque
583 1630 747 1664 lamenta
773 1629 819 1664 ad
848 1627 1110 1664 auctoritatem
1139 1627 1406 1673 legislatoriam
1432 1626 1590 1668 directa,
1620 1638 1708 1671 quo-

203 1693 323 1728 minus
348 1690 517 1735 iniquum
556 1689 623 1723 hoc
661 1687 803 1723 facinus
830 1687 1124 1729 committerent,
1163 1687 1224 1722 sed
1262 1699 1335 1723 non
1362 1686 1534 1722 obstante
1559 1684 1710 1720 solemni

203 1750 477 1787 Catholicorum
501 1748 770 1792 protestatione
804 1746 970 1791 iniquum
998 1747 1193 1782 Decretum
1228 1748 1397 1791 coeptum
1421 1745 1494 1781 fuit
1524 1747 1560 1781 et
1585 1755 1711 1780 execu-

204 1809 296 1846 tioni
322 1807 566 1845 commissum.
618 1807 675 1841 Ad
712 1805 960 1852 obtegendum
999 1805 1121 1840 malae
1147 1804 1430 1840 machinationis
1467 1804 1574 1839 finem
1612 1803 1712 1838 frau-

201 1867 344 1904 dulenti
381 1867 575 1902 novatores
613 1863 805 1909 fingebant
841 1864 878 1899 et
910 1862 1124 1898 etiamnunc
1150 1874 1308 1898 asserere
1345 1863 1484 1904 solent,
1522 1860 1712 1897 scientiam

204 1926 350 1973 proprie
387 1925 525 1960 dictam
565 1934 630 1958 nec
655 1922 884 1958 Catholicam
919 1933 985 1957 nec
1018 1921 1289 1957 Protestantem
1325 1932 1423 1963 esse,
1459 1921 1519 1956 sed
1557 1920 1712 1963 utraque

202 1985 285 2021 fidei
311 1985 379 2020 hac
404 1982 627 2029 professione
653 1981 891 2025 superiorem:
931 1979 1128 2015 Mathesim
1155 1981 1191 2016 et
1217 1979 1431 2025 linguarum
1457 1978 1617 2014 studium
1645 1989 1712 2023 pro

202 2043 399 2080 Catholicis
434 2044 471 2077 et
496 2040 792 2077 Protestantibus
831 2038 900 2074 sibi
928 2038 1085 2074 similem
1119 2040 1154 2074 et
1188 2050 1337 2084 parem,
1376 2039 1488 2082 atque
1526 2037 1709 2072 factorum

204 2103 242 2138 in
267 2101 431 2137 Historia
457 2100 710 2136 narrationem
736 2098 882 2142 utrique
921 2097 1022 2143 parti
1049 2108 1123 2132 esse
1148 2097 1321 2138 eandem,
1360 2095 1512 2140 ideoque
1537 2094 1711 2135 sufficere,

204 2162 246 2196 ut
272 2159 417 2196 nonnisi
443 2158 630 2204 religionis
667 2156 836 2193 doctrina
862 2153 1050 2200 discipulis
1082 2167 1150 2200 pro
1175 2155 1346 2199 separata
1371 2166 1496 2189 eorum
1521 2152 1605 2188 fidei
1631 2163 1712 2197 pro-

204 2219 356 2255 fessione
381 2217 531 2254 seorsim
558 2218 595 2252 et
628 2215 825 2260 sejunctim
851 2215 1035 2249 tradatur.
1087 2215 1156 2249 Sed
1191 2213 1278 2257 quid
1316 2213 1359 2247 de
1396 2211 1576 2258 ejusmodi
1600 2209 1712 2246 cavil-

203 2277 404 2314 lationibus
425 2275 669 2322 judicandum
696 2274 804 2309 facile
839 2273 1078 2318 dignoscitur.
1129 2273 1262 2308 Omnes
1295 2283 1455 2315 namque
1487 2268 1713 2315 experientia

202 2336 321 2372 edocti
347 2347 481 2378 sumus,
508 2346 651 2370 omnem
669 2332 872 2374 scientiam,
900 2343 1151 2375 quaecumque
1177 2331 1234 2372 sit,
1262 2330 1310 2365 ab
1329 2328 1538 2365 hominibus
1561 2338 1713 2363 erronea

203 2395 372 2431 doctrina
396 2393 505 2429 semel
530 2392 675 2428 infectis
700 2392 747 2427 ad
772 2390 1039 2436 expugnandas
1076 2389 1158 2425 fidei
1184 2388 1396 2424 Catholicae
1432 2387 1607 2423 veritates
1632 2397 1713 2431 per-

205 2454 300 2490 verti
326 2465 449 2499 posse,
492 2463 535 2488 ac
559 2450 769 2496 saepissime
804 2450 842 2484 in
869 2448 1103 2484 manifestam
1127 2448 1305 2493 juvenum
1342 2445 1604 2490 discipulorum
1629 2454 1710 2489 per-

204 2513 335 2549 niciem
360 2523 486 2558 reapse
524 2510 697 2556 perverti.
747 2508 926 2544 Novimus
959 2507 1064 2549 dein,
1103 2507 1245 2550 quanta
1273 2504 1385 2550 pestis
1423 2502 1627 2549 spiritualis
1655 2501 1713 2537 vel

204 2573 250 2608 ab
277 2570 461 2606 Historiae
487 2568 683 2614 disciplina
708 2568 745 2602 in
773 2569 914 2602 mentes
939 2565 1130 2601 hominum
1156 2564 1334 2605 dimanet,
1362 2562 1425 2597 ubi
1454 2562 1591 2605 fraude,
1618 2560 1711 2601 dolo,

204 2629 395 2665 mendacio
420 2627 809 2672 Historiographorum
849 2624 990 2660 violata
1016 2622 1139 2657 suerit.
1189 2622 1291 2656 Tunc
1326 2620 1462 2655 etenim
1496 2631 1570 2655 non
1595 2618 1712 2654 admi—

205 2688 361 2724 rabilem
386 2688 595 2732 temporum
620 2684 912 2725 ordinationem,
940 2693 1052 2726 quam
1080 2680 1208 2715 divina
1233 2678 1468 2724 providentia
1493 2678 1531 2712 in
1557 2677 1710 2719 Christo,

203 2746 308 2792 quasi
334 2746 370 2781 in
397 2746 529 2781 Centro
554 2744 780 2780 saeculorum
798 2741 987 2787 disposuit,
1013 2738 1223 2776 enuntiabit
1248 2736 1413 2779 historia,
1442 2737 1504 2771 sed
1521 2735 1712 2771 confusam

202 2805 429 2850 impiamque
465 2816 588 2840 rerum
626 2803 882 2846 factorumque
918 2799 1127 2845 congeriem
1162 2796 1308 2843 providi
1349 2795 1414 2831 Dei
1451 2792 1712 2830 moderaminis

202 2875 349 2909 prorsus
373 2865 577 2909 expertem:
620 2874 691 2897 non
717 2859 1008 2896 luculentissima
1034 2855 1214 2893 Ecclesiae
1239 2853 1452 2891 Catholicae
1492 2851 1634 2887 lumina
1674 2853 1711 2886 et
