1812 3088
199 127 222 169 3
230 128 283 168 24
833 120 1059 170 Nachtrsge.

198 241 324 278 monia
347 240 478 275 ineunt
503 238 580 273 sine
604 239 757 284 praevia
785 239 1058 285 dispensatione
1087 251 1210 276 coram
1233 240 1405 277 ministro
1439 238 1705 287 protestantico

198 300 266 335 sub
292 298 488 334 manifesto
512 297 709 342 potestatis
744 297 1010 333 ecclesiasticae
1044 298 1268 343 contemptu.
1314 299 1506 342 Eiusmodi
1531 300 1705 345 conjuges

198 368 322 393 omnes
355 368 399 392 ex
428 355 666 392 matrimonio
705 367 769 390 suo
805 356 1013 391 exorituras
1045 355 1167 400 proles
1200 356 1265 392 abs
1298 357 1467 394 ministro
1502 355 1706 394 acatholico

197 415 384 460 baptizari
419 416 456 450 et
491 414 530 448 in
565 415 786 450 heterodoxa
820 414 999 460 religione
1031 414 1179 450 educari
1212 415 1434 460 permittunt
1463 416 1521 452 vel
1553 415 1704 457 curant;

199 474 321 509 officia
346 473 430 508 dein
456 471 646 518 religionis
673 471 802 516 cuique
827 471 969 507 homini
994 471 1175 507 catholico
1209 484 1313 508 sacra
1335 474 1373 507 et
1396 473 1577 510 Ecclesiae
1602 483 1708 519 prae-

199 532 336 577 scripta
360 531 559 577 negligunt
585 532 696 574 atque
721 541 786 565 nec
812 530 1010 566 catholicos
1036 541 1102 566 nec
1123 531 1382 575 protestantes,
1409 531 1472 567 sed
1497 531 1598 567 omni
1622 529 1708 566 reli-

204 590 311 635 gione
336 591 500 625 extorres
527 601 563 624 se
588 600 663 624 esse
688 588 811 624 verbis
837 590 874 625 et
899 588 1008 624 factis
1033 589 1266 634 profitentur.
1308 589 1488 626 Attamen
1505 590 1709 635 Apostatae

202 648 265 682 isti
289 647 471 682 Ecclesiae
496 646 708 682 solemniter
733 647 949 682 renuntiare
974 659 1041 683 nec
1064 648 1197 683 volunt
1223 658 1289 683 nec
1313 649 1463 692 audent,
1488 647 1654 693 quinimo
1679 646 1710 682 si

203 719 300 743 mors
326 707 378 742 eis
406 707 680 751 supervenerit,
717 706 879 751 proximi
904 707 1056 753 cognati
1081 707 1310 752 sepulturam
1335 709 1372 742 et
1396 706 1518 742 officia
1542 704 1711 742 ecclesia-

203 766 295 801 stica
320 778 386 811 pro
412 764 567 801 mortuis
586 766 822 801 vehementer
841 766 1091 811 expostulant,
1118 766 1217 810 quod
1242 777 1382 810 semper
1407 764 1554 801 nonnisi
1578 775 1710 810 provo-

202 825 284 859 cato
313 823 476 859 maximo
504 824 679 859 scandalo
708 824 863 868 odioque
883 824 921 859 in
940 824 1086 860 Clerum
1103 825 1141 859 et
1158 824 1358 860 Ecclesiam
1381 824 1470 869 ipsis
1495 825 1711 869 denegatur.

200 883 244 917 In
273 882 489 918 Alemanica
525 884 652 917 nostra
677 881 866 925 Helvetia,
901 882 940 917 in
968 882 1200 929 Sangallensi
1235 882 1412 918 nimirum
1447 883 1483 918 et
1511 880 1713 917 Basilcensi

205 941 447 983 Dioecesibus,
473 941 584 985 plura
609 939 790 986 ejusmodi
816 940 1000 976 connubia
1023 941 1161 986 passim
1187 941 1364 984 existunt,
1391 941 1467 977 sive
1491 940 1649 976 maritus
1672 939 1713 974 in

207 999 252 1034 iis
278 999 326 1034 sit
352 999 553 1035 catholicus
586 1000 623 1033 et
659 998 791 1034 mulier
826 999 1033 1035 acatholica
1069 999 1144 1036 sive
1178 999 1374 1036 viceversa.
1421 999 1470 1034 Et
1494 999 1539 1035 ob
1564 1008 1712 1044 praeca-

203 1058 362 1092 vendum
387 1057 595 1093 maximum
620 1057 818 1103 impiorum
835 1059 1037 1093 tumultum
1056 1059 1226 1104 Episcopi
1243 1058 1441 1094 hodiedum
1461 1057 1617 1094 necdum
1633 1056 1714 1092 ausi

207 1117 293 1150 sunt
329 1115 421 1151 ferre
455 1115 493 1150 in
528 1115 749 1150 catholicam
784 1116 965 1161 ejusmodi
989 1116 1220 1152 matrimonii
1252 1118 1398 1162 partem
1430 1116 1629 1152 solemnem
1653 1127 1714 1151 ex-

206 1173 549 1209 communicationis
576 1174 820 1216 sententiam3
847 1175 944 1218 quod
971 1175 1000 1209 si
1025 1176 1156 1219 exequi
1182 1176 1340 1218 deberet,
1367 1186 1412 1211 ex
1429 1175 1463 1211 S.
1480 1175 1590 1221 hujus
1606 1173 1714 1210 Vati-

205 1232 289 1267 cani
314 1232 466 1267 Concilii
492 1232 670 1267 Consultu
704 1232 860 1276 speciale
885 1233 1079 1269 Decretum
1116 1235 1246 1270 contra
1275 1233 1368 1269 tales
1401 1233 1575 1279 conjuges
1607 1232 1715 1268 emit-

204 1291 358 1327 tendum
384 1292 439 1326 est
464 1303 558 1335 aque
584 1290 773 1336 Episcopis
800 1291 1071 1334 inculcandum,
1109 1294 1150 1327 ut
1174 1292 1309 1337 ubique
1336 1292 1500 1327 locorum
1524 1291 1652 1327 eadem
1678 1291 1715 1326 et

202 1350 374 1385 concordi
407 1361 579 1385 censurae
606 1349 791 1385 sententia
825 1350 953 1385 contra
978 1350 1138 1386 nefarios
1169 1362 1228 1385 eos
1254 1351 1291 1385 et
1315 1351 1506 1395 apostatas
1531 1349 1716 1397 Oonjuges

203 1409 419 1453 procedant.
469 1409 572 1442 Tunc
600 1407 705 1443 facile
729 1408 803 1451 fiet,
829 1409 872 1442 ut
896 1409 994 1452 quod
1020 1408 1068 1443 ab
1094 1408 1266 1444 omnibus
1282 1408 1469 1455 Episcopis
1493 1411 1618 1445 sancte
1642 1420 1716 1444 ser-

204 1468 369 1502 vandum
395 1478 492 1502 nova
517 1466 600 1512 lege
621 1466 901 1512 praescribitur,
929 1466 1077 1512 singulo
1097 1466 1272 1503 Antistiti
1298 1467 1443 1502 facilius
1469 1468 1516 1503 ad
1540 1478 1717 1511 exequen-

204 1527 292 1560 dum
313 1525 490 1560 reddatur
509 1525 546 1559 et
563 1524 787 1570 disparitate
812 1525 940 1570 praxis
958 1526 1116 1570 sublata,
1144 1538 1237 1570 quae
1259 1526 1445 1571 hucusque
1462 1525 1716 1569 intervenerit,

204 1584 325 1619 minus
352 1583 463 1618 cadat
489 1582 565 1618 odii
591 1583 630 1617 in
657 1584 844 1629 singulum
870 1584 1108 1630 Episcopum,
1147 1585 1211 1629 qui
1245 1584 1395 1620 seorsim
1424 1586 1555 1620 contra
1580 1583 1716 1621 refrac-

204 1646 301 1678 tores
327 1641 418 1688 legis
443 1652 599 1686 poenam
624 1641 754 1685 exequi
784 1642 944 1681 tenetur.

304 1703 336 1736 3.
363 1700 527 1735 Tertium
553 1710 665 1745 porro
693 1699 896 1735 mixtorum
914 1699 1181 1735 connubiorum
1202 1711 1317 1745 genus
1339 1701 1514 1747 conjuges
1538 1701 1716 1746 complec-

207 1760 313 1802 titur,
341 1759 405 1803 qui
430 1757 580 1804 praevie
607 1757 884 1793 conditionibus
910 1759 959 1793 ab
983 1758 1145 1794 Ecclesia
1169 1758 1408 1805 praescriptis
1432 1759 1590 1796 fideliter
1615 1760 1715 1795 stare

208 1831 244 1854 se
270 1818 364 1853 velle
390 1817 527 1862 scripto
558 1816 788 1861 promittunt
812 1816 951 1852 scilicet
978 1818 1022 1852 de
1048 1817 1239 1852 educanda
1264 1817 1457 1862 utriusque
1481 1829 1585 1853 sexus
1612 1817 1716 1864 prole

207 1876 245 1910 in
275 1876 346 1911 fide
380 1875 562 1910 catholica
589 1887 618 1910 e.
646 1887 672 1909 s.
699 1887 753 1919 p.,
793 1874 946 1919 ideoque
981 1875 1293 1920 dispensationem
1326 1876 1612 1913 ecclesiasticam
1644 1887 1712 1921 pro

207 1935 367 1970 ineundo
392 1935 510 1969 mixto
536 1933 774 1969 matrimonio
811 1933 1018 1978 impetrant
1050 1935 1086 1969 et
1119 1945 1243 1969 coram
1277 1934 1428 1979 proprio
1462 1947 1525 1971 suo
1549 1935 1712 1980 parocho

208 1993 388 2029 catholico
414 1991 695 2028 matrimonium
712 1991 782 2026 rite
807 1992 1052 2034 contrahunt;
1078 1992 1140 2026 sed
1158 1991 1403 2027 ecclesiastica
1419 1991 1578 2028 Parochi
1602 1992 1712 2028 bene—

208 2052 368 2087 dictione
393 2052 503 2088 semel
528 2051 695 2095 suscepta
713 2062 735 2085 a
752 2050 940 2095 promissis
958 2050 1031 2086 suis
1049 2050 1305 2085 fraudulenter
1330 2051 1367 2086 et
1396 2050 1509 2095 impie
1526 2051 1712 2094 recedunt,

209 2111 343 2147 liberos
379 2122 459 2146 suos
493 2110 533 2144 in
567 2109 791 2145 heterodoxa
826 2109 895 2144 fide
927 2109 1124 2144 efformant
1150 2110 1262 2153 atque
1287 2108 1469 2145 Ecclesiae
1498 2107 1719 2145 auctoritati

209 2172 359 2217 ejusque
385 2170 613 2206 salutaribus
637 2170 845 2215 praeceptis
872 2169 1047 2204 illudunt.

304 2230 337 2264 4.
364 2229 547 2274 Majorem
565 2228 721 2272 denique
746 2228 950 2263 mixtorum
976 2228 1244 2263 connubiorum
1270 2239 1468 2263 numerum
1491 2226 1519 2262 ii
1544 2226 1718 2271 conjuges

211 2288 451 2330 constituunt,
480 2287 543 2331 qui
568 2287 769 2332 impetrata
795 2286 998 2332 apostolica
1025 2285 1299 2331 dispensatione
1324 2297 1446 2322 coram
1474 2284 1624 2331 proprio
1649 2283 1719 2319 Pa-

211 2348 323 2382 rocho
350 2346 531 2381 catholico
556 2346 625 2380 rite
650 2345 881 2380 matrimonii
907 2345 1053 2381 vinculo
1075 2345 1199 2390 juncti
1224 2344 1392 2386 fuerunt;
1419 2354 1574 2387 suasque
1598 2342 1718 2388 proles

210 2405 250 2440 in
276 2404 455 2450 religione
480 2404 662 2440 catholica
688 2403 877 2439 efformari
904 2404 1048 2438 curant.
1096 2403 1164 2438 Sed
1189 2402 1358 2438 educatio
1383 2400 1585 2436 infantium
1609 2400 1648 2435 in
1674 2400 1720 2435 iis

212 2464 419 2499 defectuosa
445 2464 644 2499 admodum
670 2464 724 2497 est
757 2464 794 2497 et
820 2462 933 2498 saluti
969 2473 1095 2498 eorum
1120 2461 1228 2496 valde
1251 2460 1466 2506 periculosa.
1514 2459 1611 2494 Nam
1638 2470 1721 2494 cum
1759 2479 1763 2483 ν

211 2522 250 2556 in
275 2522 404 2558 iisdem
429 2522 676 2558 matrimoniis
705 2522 840 2568 conjux
866 2524 985 2557 mater
1002 2522 1217 2566 plerumque
1243 2521 1291 2555 sit
1316 2518 1534 2562 acatholica,
1561 2518 1620 2553 cui
1644 2517 1719 2564 pri-

213 2580 403 2615 mordialis
430 2580 557 2624 utique
583 2581 783 2616 liberorum
808 2579 1003 2615 instructio
1027 2579 1065 2614 in
1091 2579 1269 2625 precibus,
1298 2576 1502 2614 devotionis
1526 2575 1720 2619 exercitiis,

214 2639 252 2673 in
279 2639 440 2674 moribus
467 2639 677 2674 christianis
701 2639 904 2681 incumbit,
941 2639 979 2672 in
1007 2637 1187 2684 ejusmodi
1212 2635 1363 2671 familiis
1388 2635 1558 2681 neglecta
1583 2634 1631 2669 sit
1659 2645 1720 2669 ne-

214 2710 308 2733 cesse
334 2700 389 2734 est
413 2698 589 2742 precandi
615 2698 850 2739 consuetudo,
877 2696 1080 2732 catholicae
1098 2696 1198 2731 vitae
1216 2707 1258 2730 ac
1277 2693 1468 2740 religionis
1491 2692 1719 2734 exercitium,

214 2769 285 2800 quo
302 2758 380 2791 fieri
406 2758 551 2802 oportet
576 2758 618 2791 ut
644 2756 750 2791 liberi
779 2755 889 2790 sicuti
913 2767 1038 2791 eorum
1058 2755 1226 2800 parentes
1253 2753 1380 2787 eodem
1401 2762 1530 2796 sopore
1555 2751 1592 2785 et
1616 2749 1720 2785 fasti-

214 2815 274 2849 dio
292 2814 376 2850 fidei
401 2816 437 2850 et
454 2814 643 2860 religionis
661 2815 917 2860 languescant.
966 2813 1135 2855 Proinde,
1163 2810 1472 2856 quemadmodum
1489 2820 1554 2854 per
1572 2808 1720 2844 Scholas

214 2872 350 2907 mixtas
389 2873 571 2909 catholica
599 2874 777 2918 juventus
813 2873 1029 2916 plerumque
1059 2869 1242 2916 Religioni
1278 2868 1481 2904 catholicae
1508 2865 1719 2903 detrahitur
