1812 3088
173 80 196 120 3
203 81 223 121 1
233 82 256 122 2
809 74 1034 120 Nachtrage.

169 206 308 231 errores
332 193 396 238 qui
419 191 671 238 proscribendi
705 189 978 237 judicarentur,
1018 191 1134 234 clare,
1173 191 1334 236 praecise
1366 193 1404 227 et
1435 192 1678 234 determinate

169 251 390 289 enuntiandi
416 252 546 292 essent,
573 261 808 294 nequaquam
824 259 910 284 vero
934 260 999 293 per
1024 260 1127 284 voces
1146 250 1355 294 complexas
1380 251 1417 286 et
1443 252 1676 296 multivocas,

167 311 234 345 sub
261 320 420 354 quarum
446 307 623 353 ambigua
651 305 896 352 generalitate
921 307 1059 342 bonum
1085 318 1170 342 cum
1194 307 1304 350 malo,
1332 320 1460 344 verum
1476 321 1558 345 cum
1584 311 1678 348 falso

167 367 276 403 simul
301 365 508 402 admixtum
526 365 701 400 confundi
726 364 853 410 possit.
903 365 962 400 Ab
977 365 1052 400 illis
1069 365 1229 402 maxime
1248 367 1510 403 abstinendum
1526 369 1678 405 vocibus

168 437 272 470 quae,
297 425 383 460 licet
407 425 455 460 ad
480 435 641 460 errorem
666 436 689 459 a
714 424 935 468 quibusdam
960 424 1178 467 trahantur,
1215 426 1357 461 bonum
1380 426 1506 462 tamen
1532 438 1678 463 sensum

166 495 256 530 prae
280 494 316 519 se
341 483 475 525 ferunt,
499 483 574 519 imo
598 483 638 518 in
664 483 848 519 communi
873 483 1065 519 hominum
1090 495 1197 520 sensu
1221 479 1329 520 bene*
1346 487 1498 521 sonant:
1535 498 1582 522 ne
1608 499 1677 522 un-

170 555 283 588 quam
308 542 478 578 videatur
503 544 632 578 sancta
658 541 723 577 Dei
747 542 926 585 Ecclesia,
961 554 1055 587 quae
1081 542 1245 578 omnium
1270 545 1478 588 temporum
1511 546 1584 587 est,
1621 545 1677 580 in-

170 601 314 637 fensam
353 613 388 637 se
413 600 583 637 exhibere
607 601 652 636 iis
679 612 773 645 quae
797 602 974 637 moderna
998 603 1100 643 sunt,
1137 604 1180 637 ut
1207 603 1319 638 stulte
1355 603 1393 637 et
1429 602 1593 649 maligne
1629 604 1678 639 ab

170 660 250 706 ejus
275 660 441 695 hostibus
466 660 729 703 conclamatur,
756 661 818 695 sed
841 661 990 696 tantum
1015 660 1060 697 iis
1085 671 1178 705 quae
1205 662 1305 697 mala
1329 662 1366 697 et
1390 661 1485 696 falsa
1508 662 1606 697 sunt.

174 753 304 790 Novae
328 753 413 789 fidei
433 753 674 797 definitiones,
700 753 773 789 nisi
798 765 842 790 ex
868 754 1018 790 omnino
1035 754 1237 791 necessaria
1261 766 1382 798 causa,
1409 767 1482 791 non
1507 756 1680 792 edendae.

263 825 418 860 Attento
442 825 627 870 praesenti
653 827 755 861 statu
780 825 971 864 Ecclesiae,
997 826 1256 870 humanaeque
1281 825 1483 868 societatis,
1518 826 1679 871 prudens

169 884 490 929 opportunumque
516 883 702 919 videretur
727 886 770 919 ut
785 895 903 920 novae
927 884 1155 920 definitiones
1172 884 1257 919 fidei
1279 895 1354 920 non
1377 885 1582 927 ederentur,
1609 884 1679 920 nisi

169 942 216 977 ob
241 942 443 977 maximam
468 943 505 977 et
521 941 839 977 evidentissimam
856 942 1127 985 necessitatem;
1153 942 1192 976 in
1210 941 1267 977 his
1280 941 1496 987 praesertim
1513 942 1679 978 materiis

168 999 243 1042 ubi,
270 1011 336 1044 pro
360 1000 458 1035 notis
482 1001 691 1046 temporum
717 1001 1012 1043 circumstantiis,
1041 1001 1308 1046 hominumque
1333 1000 1596 1037 hodiernorum
1622 1001 1679 1037 in-

171 1057 288 1103 genio,
316 1058 523 1103 praevideri
550 1061 587 1094 et
618 1059 743 1095 timeri
770 1059 878 1094 facile
902 1061 1050 1105 possent
1082 1059 1292 1095 animorum
1318 1059 1620 1104 perturbationes
1643 1062 1681 1096 et

172 1116 358 1152 scandala.

228 1210 280 1246 De
304 1210 498 1247 charitatis
522 1213 559 1246 et
583 1210 853 1247 misericordiae
878 1212 1048 1257 operibus
1072 1211 1270 1248 laudandis
1294 1214 1331 1248 et
1356 1212 1625 1258 promovendis.

266 1281 345 1316 Hac
367 1284 493 1317 nostra
519 1284 658 1325 aetate,
697 1294 810 1326 quam
834 1282 1056 1318 mirabiliter
1095 1283 1195 1328 apud
1220 1282 1419 1318 catholicos
1451 1283 1681 1319 efflorescant

170 1339 365 1375 charitatis
388 1341 425 1375 et
449 1339 719 1375 misericordiae
744 1351 855 1385 opera
879 1352 986 1376 nemo
1021 1342 1075 1375 est
1111 1340 1176 1384 qui
1211 1352 1285 1375 non
1313 1341 1457 1384 videat,
1496 1343 1533 1377 et
1557 1352 1681 1377 omnes

172 1398 314 1443 pariter
339 1400 479 1433 norunt
503 1400 685 1442 quantum
711 1399 806 1441 inde,
846 1399 947 1443 apud
983 1399 1080 1443 ipsos
1114 1398 1365 1436 indifferentes
1401 1402 1440 1436 et
1463 1400 1680 1449 incredulos,
1730 1416 1735 1419 ·

172 1458 292 1493 laudis
317 1460 354 1494 et
379 1458 518 1493 decoris
543 1457 614 1492 sibi
638 1457 800 1493 vindicet
823 1458 966 1503 religio.
1018 1457 1263 1500 Quamobrem
1290 1457 1444 1494 maximi
1468 1457 1580 1503 pretii
1603 1458 1682 1494 fore

173 1516 361 1552 videretur
387 1516 416 1551 si
442 1515 664 1559 Concilium,
691 1528 759 1561 pro
785 1516 1008 1552 auctoritate
1033 1528 1107 1560 qua
1131 1517 1256 1561 pollet,
1283 1517 1369 1552 huic
1401 1518 1527 1553 sancto
1563 1516 1683 1553 chari-

171 1574 261 1610 tatis
287 1575 421 1610 fervori
446 1587 543 1610 nova
559 1576 765 1612 cumularet
782 1575 981 1617 incentiva,
1009 1575 1171 1621 impense
1197 1577 1233 1611 et
1250 1574 1470 1611 nominatim
1493 1575 1681 1611 laudando

172 1644 284 1678 opera
308 1632 578 1669 misericordiae
602 1646 695 1678 quae
719 1634 857 1680 passim
882 1635 963 1670 fieri
989 1636 1203 1677 noscuntur,
1230 1636 1267 1670 et
1292 1634 1414 1671 fideles
1438 1633 1598 1670 vividius
1616 1633 1681 1668 ad-

172 1691 355 1727 hortando
379 1693 422 1727 ut
447 1692 486 1726 in
510 1691 739 1728 inveniendis
772 1695 809 1728 et
832 1693 1039 1729 exercendis
1065 1692 1169 1728 novis
1206 1692 1402 1728 charitatis
1428 1691 1597 1738 operibus
1625 1703 1680 1728 so-

170 1749 337 1786 lertiores
361 1750 481 1785 adhuc
506 1752 544 1786 et
567 1750 744 1797 largiores
769 1764 842 1788 sese
867 1752 1039 1788 exhibere
1064 1752 1280 1788 niterentur.
1331 1752 1450 1798 Hujus
1475 1751 1573 1787 enim
1596 1762 1681 1796 pro-

174 1808 269 1844 fecto
295 1808 412 1844 sancti
429 1809 582 1844 Concilii
607 1811 644 1845 et
670 1809 936 1855 copiosissimus
954 1810 1095 1846 fructus
1120 1810 1303 1853 existeret,
1331 1812 1369 1846 et
1385 1822 1547 1845 summus
1565 1809 1681 1845 honor

173 1867 275 1908 foret,
303 1867 342 1909 si,
368 1866 447 1912 ipso
463 1868 640 1904 suadente
658 1871 694 1904 et
710 1869 929 1914 impellente,
957 1869 1022 1912 ita,
1052 1869 1171 1915 magis
1190 1881 1234 1905 ac
1253 1869 1385 1915 magis,
1411 1867 1682 1904 misericordiae

173 1937 283 1970 opera
307 1926 343 1960 et
359 1925 613 1962 institutiones
631 1926 800 1972 deinceps
819 1927 1171 1972 multiplicarentur,
1199 1929 1243 1963 ut
1260 1928 1385 1963 nullae
1411 1927 1487 1971 jam
1511 1927 1683 1961 extarent

174 1995 377 2029 pauperum
402 1985 638 2021 necessitates
663 1988 700 2021 et
723 1985 910 2028 miseriae,
949 1986 1082 2030 quibus
1109 1987 1345 2022 abundanter
1370 1997 1392 2020 a
1417 1984 1598 2021 charitate
1624 1995 1682 2019 ca-

175 2043 314 2081 tholica
337 2055 412 2079 non
439 2043 708 2079 subveniretur.

855 2185 999 2228 XIV*.

915 2291 942 2325 Ι.

269 2349 362 2392 Quia
388 2360 494 2385 omne
532 2361 661 2385 verum
697 2350 733 2385 et
771 2349 953 2385 sincerum
980 2348 1208 2384 reformandi
1246 2347 1410 2383 studium
1444 2359 1466 2383 a
1490 2346 1682 2392 semetipso

175 2407 408 2444 reformando
433 2407 574 2453 incipit,
601 2409 687 2443 ante
711 2408 835 2444 omnia
861 2408 935 2443 alia
960 2408 1129 2452 petimus,
1157 2409 1200 2442 ut
1225 2408 1259 2441 S.
1287 2407 1453 2452 Synodus
1476 2408 1555 2441 tam
1579 2406 1682 2451 Epis-

175 2467 283 2512 copis,
310 2479 422 2511 quam
448 2467 617 2502 omnibus
642 2467 788 2502 Clericis
814 2479 867 2509 ea,
893 2479 988 2511 quae
1005 2467 1053 2501 ad
1078 2466 1194 2501 vitam
1214 2467 1364 2501 sanctae
1387 2476 1473 2501 suae
1498 2464 1683 2500 vocationi

175 2537 378 2571 congruam
403 2527 440 2560 et
466 2526 513 2560 ad
539 2526 700 2562 muneris
725 2526 780 2561 sui
806 2526 927 2561 officia
953 2524 1173 2570 gravissima
1199 2523 1355 2559 fideliter
1370 2523 1560 2568 implenda
1584 2534 1684 2568 spec-

175 2585 270 2627 tant,
296 2584 387 2620 serio
413 2584 584 2627 inculcet,
611 2585 649 2619 in
676 2585 793 2630 specie
818 2587 861 2620 ut
884 2583 1070 2630 Episcopis
1095 2584 1132 2618 et
1149 2581 1403 2619 Sacerdotibus
1426 2580 1682 2617 exercitiorum

177 2642 425 2687 spiritualium
452 2655 537 2678 usus
563 2643 719 2689 singulis
746 2644 803 2679 vel
829 2643 926 2678 binis
953 2643 1060 2678 annis
1084 2642 1321 2688 repetendus,
1357 2651 1421 2675 nec
1455 2652 1528 2676 non
1562 2640 1682 2676 confe-

176 2701 319 2736 rentiae
351 2703 554 2745 pastorales
592 2702 748 2748 singulis
786 2703 843 2737 vel
882 2701 1034 2738 alternis
1067 2701 1251 2736 mensibus
1282 2699 1532 2734 instituendae
1569 2700 1682 2743 atque

177 2758 256 2794 vita
280 2759 492 2795 clericorum
519 2761 722 2796 communis
747 2761 852 2798 enixe
871 2761 1183 2802 commendentur,
1209 2760 1252 2794 ut
1277 2759 1397 2793 certae
1419 2757 1568 2802 regulae
1587 2757 1682 2793 circa

176 2818 404 2853 sacerdotum
432 2830 514 2853 cum
539 2819 755 2855 mulieribus
780 2819 1101 2861 cohabitationem,
1128 2818 1172 2852 de
1200 2815 1375 2861 cauponis
1401 2815 1448 2851 ab
1472 2814 1602 2851 iisdem
1627 2814 1681 2850 vi-
