1812 3088
217 109 266 150 31
277 111 300 148 4
849 99 1073 148 Nachtrage.

214 221 399 257 nullitatis
425 220 568 256 occulta
594 220 648 255 est
672 220 709 254 et
733 218 843 254 alteri
868 219 967 264 parti
993 219 1177 256 notificari
1201 232 1274 256 non
1292 221 1414 266 potest
1437 221 1515 258 sine
1539 223 1722 266 scandalo,

216 280 273 315 vel
299 278 539 319 modificetur,
566 278 624 313 vel
649 277 902 323 permittatur,
930 280 971 313 ut
997 278 1191 314 renovatio
1216 290 1411 316 consensus
1436 280 1723 318 matrimonialis

214 337 470 372 conditionata
495 348 536 372 eo
560 337 686 379 modo,
721 348 828 380 quem
863 337 1137 373 commendavit
1160 337 1380 373 Benedictus
1404 338 1501 374 XIV.
1527 338 1630 385 Papa
1662 340 1724 376 fel.

213 395 409 436 recordat,
444 394 523 430 fieri
556 395 688 440 possit,
723 395 810 439 quja
835 395 927 430 alias
963 395 1204 441 gravissimae
1230 408 1371 442 semper
1398 397 1634 434 difficultates
1660 397 1723 433 ob-

218 453 371 488 veniunt
396 453 435 488 in
460 453 672 497 exequenda
698 453 909 498 hujusmodi
934 453 1123 489 facultate.

307 511 340 556 e)
366 511 520 555 Petitur,
546 513 589 547 ut
614 511 802 556 Episcopis
828 511 1068 555 facultatum,
1113 512 1246 557 quibus
1271 514 1452 559 gaudent,
1486 513 1724 560 dispensandi

215 581 322 614 super
351 569 580 606 matrimonii
604 570 889 615 impedimentis,
916 583 1000 606 usus
1024 571 1079 606 ita
1112 572 1342 615 concedatur,
1369 573 1550 617 quatenus
1574 583 1724 608 concur-

216 627 385 663 rentibus
410 639 554 672 quoque
578 628 749 673 pluribus
775 628 1047 674 impedimentis
1072 630 1201 666 iisdem
1227 630 1303 667 sine
1328 631 1440 667 dubio
1466 631 1567 667 licite
1592 642 1635 666 ac
1659 630 1741 666 va?

217 686 291 722 lide
315 687 371 722 uti
396 687 548 732 possint.

313 746 342 790 f)
367 745 530 787 Petitur,
566 747 608 780 ut
632 745 670 779 in
699 745 926 781 verificandis
952 746 1268 791 dispensationum
1291 747 1441 783 motivis
1465 759 1539 784 non
1565 746 1724 793 amplius

218 804 429 848 requiratur
445 803 612 839 formalis
630 815 816 848 processus
831 803 1023 849 juridicuS‚
1043 805 1103 840 sed
1120 804 1289 850 Episcopi
1307 805 1462 841 arbitrio
1478 805 1721 850 relinquatur,

221 875 295 907 qua
320 863 382 899 via
406 873 601 898 causarum
626 861 762 897 veritas
788 861 836 897 sit
860 863 1033 898 eruenda.

314 923 352 967 g)
378 922 429 956 Ut
452 932 568 966 grave
593 920 728 963 odium,
757 921 854 965 quod
878 932 943 966 per
968 922 1075 956 taxas
1092 933 1160 967 pro
1178 921 1516 967 dispensationibus
1533 920 1725 957 solvendas

216 981 346 1015 contra
371 980 403 1015 S.
431 978 630 1015 Ecclesiam
654 979 750 1014 inter
775 979 896 1015 fideles
922 980 1033 1024 atque
1057 980 1220 1017 infideles
1246 979 1441 1023 excitatur,
1468 978 1723 1021 imminuatur,

221 1038 389 1084 petimus,
416 1040 459 1074 ut
482 1050 624 1081 causae,
650 1038 695 1073 ob
717 1049 808 1082 quas
826 1050 892 1083 pro
911 1038 1135 1083 pauperibus
1154 1038 1359 1084 dispensari
1375 1038 1573 1081 consuevit,
1601 1036 1726 1082 aequi-

216 1099 397 1142 parentur
422 1097 477 1140 iis,
504 1098 655 1142 propter
682 1108 772 1141 quas
797 1109 863 1142 pro
888 1096 1068 1133 divitibus
1093 1097 1317 1142 dispensatio
1346 1097 1566 1133 conceditur-

312 1156 351 1200 h)
376 1155 540 1199 Denique
566 1155 848 1198 considerantes,
875 1157 965 1200 quot
991 1157 1143 1201 peccata
1169 1158 1279 1201 atque
1303 1156 1478 1192 scandala
1502 1167 1568 1201 per
1583 1167 1727 1191 moram

215 1214 432 1249 diuturnam
456 1214 557 1250 haud
589 1226 674 1250 raro
698 1214 886 1257 oriuntur,
923 1226 1015 1259 quae
1050 1226 1131 1250 cum
1165 1226 1313 1250 recursu
1349 1215 1397 1250 ad
1429 1225 1573 1250 sacram
1598 1213 1727 1249 Sedem

217 1273 468 1318 Apostolicam
495 1273 698 1308 necessario
715 1273 916 1318 conjuncta
941 1275 996 1308 est
1020 1276 1056 1309 et
1083 1285 1147 1318 per
1164 1273 1350 1309 curiarum
1367 1272 1476 1309 ferias
1494 1283 1602 1317 saepe
1619 1271 1727 1306 valde

216 1332 473 1377 prolongatur,
502 1331 709 1366 humillime
734 1333 846 1376 atque
871 1331 976 1367 enixe
1001 1331 1172 1377 petimus,
1209 1333 1251 1366 ut
1275 1331 1313 1366 in
1338 1331 1446 1367 rebus
1470 1327 1725 1366 matrimonia-

214 1389 312 1425 libus
338 1400 554 1435 quocunque
579 1389 668 1425 anni
693 1391 857 1435 tempore
882 1390 1020 1434 absque
1037 1401 1144 1426 mora
1163 1389 1452 1435 dispensationes
1469 1387 1725 1433 expediantur.

947 1513 1009 1548 ΙΙΙ.

311 1594 469 1630 Casuum
494 1596 531 1630 et
557 1605 796 1631 censurarum
822 1596 971 1632 Summo
988 1596 1157 1632 Pontifici
1182 1598 1453 1632 reservatorum
1477 1595 1518 1630 in
1542 1593 1728 1641 praesenti

216 1655 344 1689 tantus
373 1654 427 1689 est
452 1664 624 1688 numerus
648 1655 685 1688 et
701 1654 810 1689 tanta
826 1653 1061 1696 incertitudo,
1088 1655 1131 1688 ut
1147 1653 1278 1690 exinde
1294 1653 1408 1689 dubia
1425 1654 1545 1689 multa
1568 1655 1607 1689 et
1633 1653 1728 1689 diffi-

216 1712 374 1747 cultates
399 1710 585 1756 Episcopis
611 1713 646 1747 et
671 1711 909 1748 Confessariis
935 1712 1113 1755 oriantur,
1139 1724 1272 1758 parum
1296 1714 1420 1748 autem
1445 1701 1621 1748 utilitatis
1644 1724 1728 1758 pro·-

218 1770 354 1805 veniat.
404 1769 603 1814 Propterea
628 1769 788 1804 maxime
815 1770 1084 1812 desideramus,
1120 1772 1162 1805 ut
1188 1781 1313 1805 eorum
1339 1770 1531 1816 catalogus
1555 1769 1728 1806 revisioni

217 1830 254 1865 et
278 1827 483 1864 reductioni
509 1828 729 1873 subjiciatur
754 1830 792 1863 et
816 1828 854 1862 in
883 1828 999 1873 specie
1025 1840 1216 1871 censurae,
1250 1840 1341 1872 quas
1366 1831 1502 1864 vocant
1526 1829 1625 1864 latae
1649 1840 1728 1864 sen·

217 1886 357 1922 tentiae
382 1888 448 1921 aut
472 1886 621 1922 omnino
646 1887 844 1929 tollantur,
871 1891 936 1922 aut
963 1887 1010 1922 ad
1034 1899 1193 1932 parvum
1218 1886 1413 1922 criminum
1438 1887 1599 1923 maxime
1623 1898 1728 1923 enor-

218 1945 335 1981 mium
359 1957 550 1980 numerum
580 1946 823 1988 reducantur;
849 1945 1046 1982 facultates
1068 1947 1204 1988 autem,
1232 1945 1365 1990 quibus
1383 1945 1552 1991 Episcopi
1576 1945 1624 1981 ad
1649 1957 1728 1979 mu-

218 2003 316 2039 neris
342 2003 398 2038 sui
423 2003 786 2039 administrationem
804 2004 1031 2040 ordinariam
1051 2004 1232 2050 indigent,
1258 2016 1332 2040 non
1349 2005 1397 2040 ad
1415 2003 1726 2048 Quinquennium‚

221 2064 282 2098 sed
309 2064 355 2098 ad
379 2062 539 2098 muneris
564 2063 798 2099 durationem
821 2064 1079 2105 concedantur,
1116 2063 1427 2108 quemadmodum
1451 2074 1474 2097 a
1501 2062 1613 2098 Sacra
1636 2061 1728 2098 Con-

218 2120 434 2166 gregatione
458 2121 502 2156 de
527 2120 635 2165 Prop.
678 2121 766 2157 Fide
792 2121 950 2157 Vicariis
976 2122 1196 2170 Apostolicis
1221 2121 1369 2158 concedi
1393 2121 1522 2157 solent.

946 2245 1006 2279 IV.

318 2327 491 2370 Petimus,
518 2328 559 2361 ut
584 2327 735 2372 regulae
753 2327 899 2370 Indicis,
926 2338 1019 2372 quae
1037 2326 1175 2372 partim
1199 2326 1237 2361 in
1263 2325 1475 2372 regionibus
1491 2323 1616 2360 mixtis
1635 2337 1728 2360 nun-

221 2398 332 2431 quam
358 2386 507 2422 omnino
531 2385 720 2421 observari
744 2381 935 2430 poterant,
969 2385 1107 2430 partim
1133 2396 1220 2420 vero
1246 2384 1292 2419 ob
1317 2384 1465 2419 omnino
1489 2383 1728 2419 immutatum

221 2445 405 2480 societatis
431 2445 614 2480 humanae
643 2446 680 2480 et
704 2444 742 2478 in
769 2444 885 2489 specie
909 2444 963 2479 rei
987 2444 1176 2479 literariae
1201 2445 1343 2478 statum
1367 2442 1405 2477 in
1430 2441 1616 2487 praesenti
1642 2453 1726 2476 nus-

221 2515 331 2547 quam
359 2504 433 2538 fere
458 2503 647 2538 observari
672 2505 836 2548 possunt,
862 2503 1016 2547 ideoque
1041 2503 1178 2538 multas
1204 2499 1508 2537 conscientiarum
1524 2498 1729 2535 anxietates

222 2563 259 2596 et
286 2561 588 2597 confessariorum
614 2561 728 2596 dubia
751 2563 966 2606 provocant,
998 2560 1136 2596 recenti
1161 2558 1333 2595 revisioni
1357 2560 1395 2593 et
1418 2556 1622 2592 redactioni
1644 2556 1729 2591 sub-

221 2620 433 2655 mittantur.
482 2619 645 2654 Petimus
670 2630 823 2663 quoque,
854 2620 895 2653 ut
914 2629 1094 2654 novorum
1113 2617 1293 2652 librorum
1310 2627 1461 2651 censura
1477 2627 1551 2650 non
1567 2614 1730 2659 promul-

222 2680 341 2723 getur,
369 2677 440 2712 nisi
465 2677 566 2722 prius
592 2677 719 2712 audito
745 2675 905 2712 auctoris
931 2675 1144 2717 Ordinario‚
1180 2673 1267 2718 quia
1292 2673 1390 2708 haud
1415 2684 1500 2708 raro
1525 2671 1657 2714 evenit,
1688 2672 1730 2707 ut

220 2736 359 2779 absque
384 2746 556 2770 censurae
580 2734 832 2779 publicatione
857 2733 990 2769 erroris
1027 2732 1214 2768 revocatio
1246 2731 1340 2767 effici
1367 2730 1509 2772 valeat,
1547 2729 1576 2765 si
1602 2730 1729 2765 auctor

223 2793 340 2829 bonae
366 2792 414 2827 sit
439 2793 656 2828 voluntatis.
