1812 3088
225 116 310 158 290
854 109 1078 157 Nachtrage.

222 230 319 266 foret
343 230 481 275 gradus
505 227 692 273 praefatos
716 227 856 263 nemini
881 238 1065 271 unquam,
1104 227 1175 262 nisi
1209 229 1293 273 post
1316 229 1477 265 maxime
1508 230 1619 266 serias
1641 242 1727 276 pro·

223 289 399 330 bationeS,
426 287 533 322 ullibi
558 286 725 322 conferri.
773 286 1027 331 Quapropter,
1065 298 1132 331 pro
1157 286 1312 331 singulis
1336 286 1530 333 gradibus,
1556 288 1728 324 determi-

222 346 304 382 nari
329 346 503 382 deberent
529 344 713 388 quaedam
737 344 993 388 quaestionum
1018 346 1312 389 programmata,
1338 345 1378 380 in
1401 345 1534 390 quibus
1558 347 1729 383 materies

221 404 409 447 examinis,
436 403 613 449 copiosior
639 405 677 439 et
702 403 886 439 difficilior
912 404 1024 448 prout
1049 404 1186 448 gradus
1211 404 1361 439 altiores
1387 405 1482 447 sunt,
1508 403 1730 450 exigeretur.

223 463 302 505 Sed,
328 462 416 507 quia
440 474 572 507 parum
600 463 744 498 statuta
768 464 941 507 prosunt,
981 462 1011 496 si
1035 474 1109 497 non
1133 464 1336 505 serventur,
1362 462 1489 498 stricte
1513 463 1623 498 simul
1645 475 1731 500 exa-

220 520 467 556 minatoribus
491 520 714 564 imponenda
738 522 831 555 esset
856 520 1035 564 obligatio
1061 519 1255 562 neminem,
1281 520 1348 555 sub
1365 521 1440 556 ullo
1465 521 1595 565 quovis
1620 533 1727 567 prae-

221 582 346 622 textu,
385 579 432 614 ad
458 579 632 613 honorem
658 579 844 624 graduum
869 569 1048 623 unquam*
1068 578 1313 621 admittendi,
1352 579 1424 614 nisi
1448 580 1552 626 cujus
1577 579 1731 616 scientia

220 637 339 684 longis
364 637 570 681 severisque
587 638 870 682 probationibus
896 649 980 673 vere
1005 637 1239 673 constitisset.
1287 639 1372 673 Non
1389 638 1566 674 deberent
1589 638 1727 684 gradus

220 696 423 741 superiores
447 695 604 731 obtineri
641 707 706 741 per
743 697 901 739 saltum,
941 696 1081 732 omissis
1107 696 1390 742 probationibus
1427 696 1476 731 ad
1512 697 1650 742 gradus
1673 695 1730 732 in-

220 754 373 790 feriores
396 754 533 798 requiri
559 755 687 790 solitis.
736 755 939 790 Utilissime
972 755 1086 791 etiam
1121 756 1388 791 renovarentur
1425 756 1548 801 plures
1572 766 1729 791 canones

220 814 284 858 qui
308 813 348 848 in
373 812 627 849 Decretalibus
653 813 901 857 continentur,
929 813 996 849 sub
1021 813 1152 849 titulo:
1189 814 1243 848 De
1277 813 1468 859 Magistris
1482 842 1490 857 ,
1530 815 1567 849 et
1591 826 1637 850 ne
1662 814 1730 850 ali-

219 872 309 916 quid
332 871 504 917 exigatur
527 884 594 916 pro
619 872 769 907 licentia
794 872 959 907 docendi.

316 930 407 965 Cum
431 942 517 966 vero
536 930 806 967 Universitates
831 942 928 966 nnnc
953 930 1195 976 paucissimae
1221 930 1308 973 sint,
1334 931 1529 966 concedere
1554 929 1730 976 dignetur

220 990 255 1025 S.
280 988 451 1025 Pontifex
477 990 519 1022 ut
544 989 682 1034 gradus
706 990 902 1035 theologici
927 990 967 1025 in
983 989 1170 1026 nonnullis
1186 989 1392 1036 majoribus
1408 990 1614 1026 seminariis
1645 1001 1730 1026 con-

219 1048 309 1084 ferri
333 1048 487 1093 possint.

221 1154 390 1190 Juniores
415 1155 637 1196 sacerdoteS,
676 1165 740 1199 per
775 1153 918 1197 aliquot
943 1165 1077 1196 annos,
1115 1153 1213 1187 circa
1250 1164 1393 1188 sacram
1430 1152 1622 1189 scientiam
1646 1165 1731 1189 exa-

885 1211 1065 1247 minandi.

316 1284 367 1318 Ut
390 1282 554 1328 juniores
581 1282 786 1317 sacerdotes
811 1281 1005 1326 peritiores
1030 1281 1069 1315 in
1105 1281 1217 1316 sacris
1242 1281 1373 1316 studiis
1400 1282 1511 1324 fiant,
1551 1281 1731 1326 simulque

222 1340 421 1377 otiositatis
446 1340 609 1386 periculo
635 1340 914 1382 subtrahantur,
941 1339 1151 1383 quotannis,
1189 1351 1253 1385 per
1280 1351 1340 1375 sex
1367 1341 1424 1376 vel
1450 1341 1590 1385 septem
1614 1353 1730 1376 annos

221 1412 243 1435 a
269 1401 434 1445 tempore
459 1398 702 1436 ordinationis
728 1410 813 1434 suae
839 1398 1123 1443 computandos,
1161 1399 1358 1433 teneantur
1392 1410 1517 1434 coram
1539 1399 1729 1445 Episcopo,

221 1459 278 1494 vel
304 1459 352 1494 ab
378 1470 419 1493 eo
445 1457 648 1503 designatis
673 1456 1007 1499 examinatoribus,
1046 1457 1267 1501 respondere
1293 1457 1391 1492 circa
1424 1457 1658 1501 quaestiones
1684 1457 1732 1493 ad

223 1529 347 1553 sacras
373 1517 545 1553 scientias
571 1517 788 1562 spectantes,
827 1517 864 1551 et
888 1515 928 1550 in
953 1517 1232 1560 programmate
1259 1516 1308 1551 ad
1332 1517 1401 1551 hoc
1436 1515 1625 1561 publicato
1649 1527 1732 1562 pro-

219 1576 370 1621 positas.
419 1576 478 1610 lta
503 1587 589 1611 vero
614 1574 832 1610 instituatur
857 1586 1096 1620 programma
1120 1574 1238 1617 istud,
1274 1576 1316 1609 ut
1341 1575 1548 1617 contineat,
1574 1586 1638 1621 per
1667 1585 1730 1610 sex

221 1636 278 1671 vel
304 1637 443 1681 septem
469 1647 652 1670 annorum
679 1633 843 1680 spatium
869 1633 1108 1675 distributas,
1134 1633 1313 1670 materias
1339 1644 1462 1669 omnes
1487 1645 1581 1678 quae
1607 1634 1726 1670 solent

219 1694 259 1729 in
285 1693 492 1729 seminariis
516 1693 704 1738 explicari.

220 1800 273 1835 De
288 1800 546 1836 collationibus
561 1799 813 1835 ecclesiasticis
823 1799 918 1835 inter
930 1800 1135 1835 sacerdotes
1145 1800 1384 1835 instituendis
1397 1802 1434 1836 et
1441 1800 1732 1845 frequentandis.

316 1871 568 1906 instituantur
595 1871 634 1906 in
660 1871 829 1907 omnibus
864 1871 1087 1907 dioecesibus
1121 1871 1334 1908 collationes
1360 1870 1643 1914 ecclesiasticae,
1679 1882 1731 1906 se-

222 1929 297 1964 xies
322 1929 381 1965 vel
405 1929 535 1974 septies
561 1930 690 1966 saltem
710 1930 749 1965 in
775 1942 872 1966 anno
889 1930 1092 1973 habendae,
1120 1942 1210 1974 quas
1235 1931 1400 1976 ejusdem
1424 1930 1613 1965 districtus
1631 1941 1731 1975 pres-

220 1988 342 2034 byteri
366 1987 602 2033 frequentare
628 2001 751 2024 omnes
777 1989 943 2031 debeant,
970 1990 1007 2024 et
1031 1988 1070 2023 in
1095 1989 1245 2033 quibus,
1274 1989 1386 2034 juxta
1411 1999 1652 2034 programma
1677 1988 1726 2023 ab

221 2047 401 2092 Episcopo
416 2047 657 2091 propositum,
685 2049 905 2089 tractentur,
933 2048 1015 2081 tum
1034 2046 1189 2092 scriptis,
1214 2048 1294 2081 tum
1312 2046 1474 2090 ora-liter,
1501 2045 1733 2091 quaestiones

220 2105 307 2141 illae
331 2117 424 2150 quae
463 2106 511 2141 ad
536 2107 661 2151 partes
694 2118 883 2142 sacrarum
909 2105 1146 2141 scientiarum
1185 2105 1344 2140 maxime
1380 2105 1475 2141 clero
1511 2104 1732 2141 necessarias

220 2164 403 2209 pertinere
431 2164 667 2200 videbuntur.

297 2259 348 2294 De
373 2259 557 2294 exercitiis
582 2259 836 2304 spiritualibus
864 2272 886 2295 a
910 2259 1012 2295 Clero
1038 2258 1215 2294 saeculari
1241 2258 1442 2302 quotannis
1468 2257 1658 2294 habendis.

316 2329 448 2364 Omnes
488 2329 622 2373 ubique
648 2329 818 2374 Episcopi
855 2341 982 2364 curare
1021 2330 1180 2364 debeant
1219 2330 1259 2363 ut
1297 2327 1471 2363 exercitia
1509 2327 1731 2372 spiritualia,

220 2388 430 2432 quotannis,
456 2400 520 2433 per
546 2388 688 2432 aliquot
715 2388 791 2423 dies
817 2400 839 2423 a
865 2388 968 2423 Clero
993 2388 1174 2423 saeculari
1200 2388 1427 2428 habeantur3
1463 2386 1583 2430 idque,
1610 2397 1729 2430 quan-

220 2447 301 2480 tum
326 2446 405 2481 fieri
429 2446 575 2491 poterit,
603 2446 865 2488 communiter,
903 2446 978 2481 sive
1003 2447 1039 2481 in
1069 2447 1256 2482 seminarii
1283 2446 1434 2492 majoris
1460 2445 1630 2488 aedibus,
1656 2445 1732 2481 sive

220 2505 259 2539 in
285 2505 413 2550 quovis
439 2506 511 2541 alio
538 2506 615 2541 loco
641 2505 704 2549 qui
732 2506 779 2540 ad
805 2507 902 2540 hunc
928 2506 1038 2540 finem
1065 2505 1187 2550 aptior
1214 2504 1411 2541 videbitur.

223 2610 264 2645 In
290 2610 474 2646 exercitiis
501 2610 758 2655 spiritualibus
794 2611 1093 2656 presbyterorum
1122 2610 1317 2644 facultates
1355 2608 1558 2645 latissimae
1596 2609 1733 2645 confes·

783 2668 889 2703 sai-iis
911 2667 1173 2703 concedendae.

316 2741 525 2779 Facultates
552 2740 774 2782 latissimae,
813 2741 894 2775 tum
931 2739 1053 2783 quoad
1089 2750 1192 2774 casus
1220 2740 1448 2780 reservatos,
1488 2739 1570 2773 tum
1607 2736 1731 2781 quoad

221 2809 391 2834 censuras
416 2800 453 2834 et
488 2798 784 2844 irregularitates
800 2826 807 2840 ,
846 2798 1111 2843 impertiendae
1148 2799 1290 2838 essent,
1330 2808 1405 2832 non
1439 2807 1503 2840 per
1530 2795 1730 2838 indultum,

220 2857 282 2892 sed
305 2868 371 2902 per
403 2857 552 2893 modum
586 2857 823 2893 concessionis
860 2856 1041 2903 generalis
1079 2857 1115 2891 et
1154 2856 1377 2901 perpetuae,
1417 2853 1646 2891 confessariis
1682 2853 1732 2890 ab
