1812 3088
224 123 309 163 288
861 113 1086 159 Nanhtrage.

905 287 1051 331 XIIF‘.

727 369 1027 405 Eminentissime
1052 368 1202 404 Praeses
1214 370 1220 402 !

314 441 486 486 Episcopi
524 441 588 485 qui
625 442 834 485 praesentes
876 439 1020 475 litteras
1049 439 1354 483 subscripserunt,
1394 439 1626 475 Eminentiae
1661 439 1732 475 Ve-

222 502 328 542 strae,
354 500 401 541 et,
427 510 492 544 per
515 499 630 540 illam,
659 497 832 533 Patribus
857 497 905 532 ad
931 496 1181 532 examinanda
1204 497 1396 541 postulata
1434 497 1639 543 deputatis,
1679 496 1732 532 of-

221 558 346 593 ferunt
363 558 400 592 et
417 557 713 592 commendatum
730 555 884 600 cupiimt
902 554 1092 600 scriptum,
1115 555 1369 599 praesentibus
1382 555 1517 591 litteris
1535 567 1730 598 annexum,

222 616 279 650 cui
308 615 456 650 titulus:
499 614 713 650 »Postulata
753 626 775 649 a
816 613 982 659 pluribus
1007 613 1215 649 Galliarum
1239 613 1426 659 Episcopis
1463 614 1523 650 SS.
1548 614 1625 649 DD.
1649 613 1734 648 NN.

224 673 301 710 PIO
320 673 480 708 PAPAE
497 673 559 708 IX.
574 674 611 708 et
627 673 865 709 Sacrosancto
891 672 1050 708 Concilio
1067 672 1250 708 Vaticano
1275 674 1484 708 reverenter
1509 671 1731 718 proposita«

317 732 415 768 Haec
440 732 642 777 postulata,
684 742 747 766 seu
770 730 894 775 potius
920 732 1026 773 vota,
1066 742 1107 766 eo
1131 731 1202 766 fine
1229 742 1251 766 a
1275 730 1380 767 nobis
1406 730 1622 776 simpliciter
1648 728 1734 765 offe—

224 793 378 833 runtur,
419 791 460 824 ut
484 789 658 835 prudenti
684 789 817 824 Vestro
843 788 1072 833 Patrumque
1104 789 1367 834 deputatorum
1401 788 1542 836 judicio
1579 798 1733 834 perpen-

224 851 383 891 dantur,
423 849 460 884 et
496 859 539 883 ex
577 846 650 882 illis
676 845 842 892 depromi
867 845 1000 891 possit,
1027 848 1065 881 et
1090 846 1330 883 Sacrosancto
1354 847 1515 883 Concilio
1551 845 1732 887 submitti,

226 907 405 953 quidquid
430 906 571 949 melius,
597 905 841 951 opportunius
867 906 904 940 et
928 904 1056 940 utilius
1082 905 1201 941 visum
1226 905 1338 941 fuerit
1352 933 1360 948 ‚
1398 906 1446 941 ad
1471 904 1538 941 Dei
1563 903 1731 950 gloriam,

224 966 319 1003 Cleri
343 963 679 1005 sanctificationem,
707 963 916 999 animarum
942 963 1117 1004 salutem,
1144 963 1396 1008 Ecclesiaeque
1422 962 1628 998 utilitatem
1652 972 1736 1007 pro-

226 1024 440 1060 curandam.

322 1082 570 1128 Quapropter,
606 1081 691 1116 licet
716 1092 759 1116 ea
784 1081 911 1115 inultis
945 1084 1042 1116 certe
1067 1081 1253 1126 Episcopis
1279 1081 1425 1127 placere
1449 1079 1676 1121 noverimus,
1714 1090 1736 1113 a

231 1141 357 1187 paucis
381 1141 530 1176 tantum
555 1138 795 1174 nihilominus
813 1137 984 1173 duximus
1012 1137 1292 1180 subscribenda3
1317 1139 1399 1173 tum
1425 1150 1470 1174 ne
1488 1136 1736 1183 importunius

229 1210 340 1245 agere
363 1198 592 1239 videremur,
632 1198 713 1231 tum
739 1204 781 1231 ut
805 1195 957 1231 liberius
982 1196 1187 1231 examinari
1211 1198 1369 1241 possent,
1395 1208 1489 1241 quae
1512 1208 1587 1232 non
1610 1195 1736 1241 peten-

228 1258 324 1293 tium
349 1256 589 1293 multitudine
614 1257 833 1300 urgerentur
848 1283 855 1296 ,
883 1254 945 1290 sed
971 1255 1049 1291 sola
1073 1266 1197 1290 rerum
1223 1255 1425 1300 petitarum
1451 1254 1649 1302 gravitate,
1677 1264 1735 1289 ae-

229 1316 372 1360 quitate
396 1317 433 1352 et
459 1315 624 1351 utilitate
649 1313 1008 1350 commendarentur.

323 1373 513 1410 Nonnulla
536 1385 580 1409 ex
605 1373 662 1408 his
688 1372 814 1417 petitis
835 1373 917 1418 jam
942 1373 1001 1408 vel
1027 1384 1049 1407 a
1067 1372 1215 1408 Summo
1241 1371 1418 1408 Pontifice
1435 1382 1604 1408 concessa
1624 1370 1735 1413 fuere,

229 1433 288 1468 vel
312 1433 351 1468 in
377 1432 513 1468 recenti
540 1433 745 1474 Schemate,
784 1431 890 1467 nobis
916 1431 1134 1474 distributo,
1169 1430 1400 1476 reperiuntur
1437 1430 1638 1476 proposita.
1684 1428 1738 1463 Ea

229 1493 355 1527 tamen
380 1491 419 1526 in
444 1493 571 1527 nostro
595 1490 721 1526 libello
747 1489 981 1534 reliquimus,
1016 1490 1104 1535 quia
1126 1491 1207 1536 jam
1230 1491 1320 1524 tunc
1343 1489 1406 1525 ille
1429 1489 1615 1525 confectus
1639 1488 1737 1527 erat3

229 1552 267 1586 et
290 1551 381 1586 haec
405 1551 589 1586 caeterum
617 1550 772 1585 duorum
800 1549 857 1585 vel
882 1549 996 1584 trium
1022 1550 1295 1594 postulatorum
1319 1547 1550 1593 superfluitas
1575 1547 1651 1583 Vos
1668 1546 1736 1582 rni-

230 1609 327 1644 nime
353 1621 510 1656 gravare
535 1610 667 1655 potest.

325 1668 395 1714 Spe
419 1668 507 1704 freti
542 1668 641 1712 quod
665 1667 791 1711 aliqua
815 1666 960 1702 utilitas
995 1678 1037 1702 ex
1064 1666 1120 1701 his
1147 1666 1282 1701 nostris
1306 1664 1546 1711 petitionibus
1580 1667 1619 1700 et
1644 1664 1739 1701 votis

231 1729 387 1764 Sanctae
412 1726 593 1763 Ecclesiae
620 1726 775 1768 accedet,
801 1727 943 1761 nosmet
968 1725 1202 1770 profitemur,
1238 1723 1553 1760 Reverendissime
1590 1714 1747 1759 Praeses

301 1785 532 1820 Eminentiae
558 1785 721 1826 Vestrae,
746 1783 836 1819 item
862 1785 899 1819 et
925 1782 1203 1819 Venerabilium
1227 1782 1382 1817 Patrum
1407 1781 1667 1826 deputatorum

772 1840 1124 1886 Obsequentissimos
1149 1841 1261 1884 atque
1287 1838 1556 1875 addictissimos
1581 1839 1738 1874 famulos

883 1905 893 1908 “
1019 1900 1056 1935 et
1080 1899 1117 1934 in
1143 1899 1287 1934 Christo
1313 1891 1477 1933 fratres(

436 1960 529 1995 Huic
552 1958 794 2006 postulationi
821 1957 1113 2003 subscripserunt
1140 1958 1180 1992 11
1208 1956 1359 1992 Concilii
1385 1957 1526 1992 Patres.

504 2076 557 2112 De
582 2074 795 2111 Seminariis
821 2074 1033 2110 clericorum
1062 2073 1196 2118 ubique
1220 2072 1467 2109 instituendis.

328 2148 576 2184 Instituantur
601 2146 639 2181 in
657 2145 825 2182 omnibus
844 2145 1066 2181 dioecesibus
1085 2144 1230 2190 majora
1249 2143 1464 2185 Seminaria,
1491 2154 1512 2178 a
1537 2141 1739 2179 minoribus

233 2218 380 2253 prorsus
405 2205 579 2241 distincta
595 2233 602 2247 ,
640 2205 679 2239 in
708 2204 840 2249 quibus
878 2215 1001 2239 omnes
1037 2202 1235 2239 ordinandi
1268 2205 1464 2238 teneantur
1499 2200 1668 2237 habitare
1703 2202 1740 2236 et

234 2264 475 2302 communiter
501 2263 635 2305 vivere,
661 2275 726 2308 per
750 2265 920 2306 quatuor,
948 2264 1014 2297 aut
1040 2263 1114 2297 tres
1139 2262 1272 2296 saltem
1298 2273 1431 2302 annos,
1458 2258 1660 2304 studiisque
1685 2269 1740 2295 ec-

233 2321 445 2360 clesiasticis
469 2323 506 2356 et
532 2320 713 2356 exercitiis
739 2320 1012 2365 spiritualibus,
1051 2320 1117 2354 sub
1152 2320 1279 2354 sancto
1304 2319 1446 2364 piorum
1479 2319 1517 2353 et
1549 2317 1741 2353 doctorum

235 2382 465 2418 sacerdotum
490 2380 680 2426 regimine,
707 2389 857 2424 operam
884 2379 982 2414 dare.

329 2440 366 2476 Si
391 2451 485 2485 quae
510 2451 595 2475 vero
620 2438 796 2474 dioeceses
821 2449 895 2472 nm
928 2439 1077 2482 possent
1103 2436 1231 2472 statim
1256 2435 1445 2481 proprium
1483 2434 1552 2470 sibi
1585 2433 1740 2469 semina-

235 2500 331 2535 rium
357 2497 588 2539 constituere,
626 2496 824 2532 ordinandi
850 2497 984 2531 harum
1015 2495 1222 2531 dioeceseon
1259 2494 1479 2530 collocentur
1516 2492 1666 2529 interim
1701 2491 1741 2526 in

236 2557 396 2593 aliorum
419 2556 683 2601 Episcoporum
709 2554 925 2596 seminariis,
958 2556 999 2589 ut
1024 2553 1074 2588 sic
1099 2553 1266 2598 deinceps
1291 2563 1397 2587 nemo
1423 2551 1471 2586 ad
1497 2550 1741 2586 sacerdotium

235 2616 507 2662 promoveatur,
545 2613 634 2658 quin
660 2615 696 2649 et
722 2613 785 2648 diu
811 2612 951 2657 riteque
977 2613 1165 2657 probatus,
1193 2614 1229 2646 et
1255 2609 1476 2655 competenti
1501 2608 1655 2645 scientia
1684 2607 1741 2643 in-

235 2675 405 2716 structus,
431 2675 468 2709 et
492 2674 540 2708 ad
565 2672 730 2714 virtutes,
758 2684 885 2713 mores,
911 2671 1174 2717 ingeniumque
1199 2671 1318 2704 status
1345 2667 1523 2704 clericalis
1548 2679 1613 2713 per
1637 2677 1740 2702 sanc·

236 2735 316 2768 tam
341 2731 575 2777 disciplinam
599 2732 636 2767 et
662 2731 929 2775 competentem
953 2728 1227 2764 institutionem
1252 2727 1362 2762 fuerit
1386 2726 1611 2762 efformatus.

330 2791 381 2825 Ut
404 2791 528 2826 autem
554 2789 775 2825 Clericorum
799 2788 966 2824 educatio
990 2789 1027 2823 in
1055 2786 1281 2828 seminariis,
1321 2787 1401 2820 tum
1429 2784 1632 2830 majoribus
1661 2786 1740 2819 tum

240 2848 452 2891 minoribus
489 2848 686 2894 perfectior
711 2849 748 2882 et
772 2847 978 2882 accuratior
1016 2857 1089 2882 esse
1114 2846 1257 2891 posset,
1296 2844 1402 2879 valde
1439 2842 1530 2878 utile
1555 2842 1741 2879 videretur
