1812 3088
641 70 894 108 Aktenstiicke
917 70 1035 107 X111*.
1498 81 1552 121 29
1561 84 1579 122 1

80 189 277 239 ,Ε9180οΡ18
302 187 507 234 specialiter
541 187 743 233 designatis
781 188 828 223 ad
853 187 1054 222 audiendas
1079 188 1317 225 confessiones
1353 192 1582 227 sacerdotum

91 247 343 293 spiritualibus
378 245 570 282 exercitiiis
605 246 645 279 in
683 245 866 281 communi
904 246 1128 281 vacantium.
1185 248 1289 283 Hanc
1323 249 1486 294 gratiam
1499 278 1507 293 ,
1544 251 1583 286 in

91 305 250 342 Concilio
275 305 464 348 Vaticano,
502 316 524 339 a
549 304 780 349 benignitate
817 305 852 339 S.
880 304 1067 340 Pontificis
1104 306 1250 341 concedi
1286 310 1494 343 reverenter
1520 321 1583 354 po-

88 365 260 400 stulatur.

362 457 414 491 De
439 457 517 491 vita
543 456 725 492 communi
749 456 788 490 in
814 456 916 491 Clero
941 456 1118 492 saeculari
1144 458 1310 493 fovenda.

184 527 274 562 Cum
298 526 392 561 nihil
417 525 465 560 sit
502 526 540 560 in
566 525 807 561 ecclesiastica
835 525 1029 570 disciplina
1064 528 1101 561 et
1125 526 1272 571 spiritui
1306 528 1507 571 Ecclesiae,
1545 532 1583 566 et

90 584 253 629 antiquis
277 583 495 625 canonibus,
534 585 571 619 et
594 583 768 627 exemplis
805 584 1015 618 sanctorum
1051 585 1202 627 patrum
1227 585 1346 629 magis
1373 596 1579 629 consonum,

89 655 201 688 quam
225 643 314 678 Vita
337 641 537 677 communis
562 641 780 675 Clericorum
796 668 804 684 ,
841 652 886 675 ex
920 651 993 684 qua
1017 641 1201 676 maximae
1226 643 1320 676 certe
1345 644 1582 689 multiplices-

88 713 158 745 que
181 701 357 746 profluere
381 701 582 735 noscuntur
606 699 789 734 utilitates
803 727 810 741 ,
849 701 929 734 tum
954 711 1019 744 pro
1045 712 1187 736 morum
1213 700 1428 747 integritate
1465 703 1582 737 tutius

88 759 289 801 servanda,
325 760 405 793 tum
441 770 506 802 pro
541 758 679 802 pietate
715 759 752 792 et
776 756 929 793 scientia
966 758 1113 793 uberius
1138 759 1361 801 excolendis,
1399 760 1478 794 tum
1515 773 1581 805 pro

87 828 188 852 sacro
212 815 414 851 ministerio
448 815 564 860 magis
599 815 826 850 concorditer
862 816 899 849 et
923 815 1107 851 fructuose
1131 817 1338 860 exercendo,
1366 818 1582 853 adhortetur

88 875 290 911 Concilium
313 874 507 920 Episcopos
532 875 595 915 ut,
632 874 813 917 quantum
849 873 888 907 in
913 873 1067 909 Domino
1103 873 1274 916 dabitur,
1310 875 1396 910 huic
1433 878 1581 912 sanctae

88 934 273 969 communi
298 933 511 970 clericorum
538 932 635 967 vitae
661 932 785 967 favere
811 932 1018 967 omnimodo
1045 934 1233 976 satagant.

179 992 424 1037 Quapropter:
465 992 499 1026 1ο
526 991 712 1032 Statuant,
753 1010 791 1015 -—-
832 992 875 1025 ut
898 990 937 1024 in
962 990 1088 1024 multis
1115 991 1334 1026 dioecesibus
1357 993 1502 1038 jamdiu
1528 995 1580 1036 fit,

87 1072 131 1076 ——
157 1051 338 1096 quoslibet
361 1049 611 1095 paroeciarum
637 1048 794 1083 vicarios
821 1060 903 1083 cum
927 1048 1096 1092 parochis
1123 1048 1214 1091 suis,
1241 1049 1309 1085 sub
1334 1051 1458 1086 eodem
1484 1052 1580 1087 tecto

87 1108 304 1145 commorari
328 1108 476 1149 debere,
514 1109 551 1142 et
575 1106 691 1142 eidem
724 1117 869 1142 mensae
895 1106 1061 1141 assidere.
1112 1108 1150 1140 2¹¹
1185 1107 1423 1143 Sacerdotum
1459 1120 1582 1144 saecu·

87 1167 221 1203 larium
245 1165 591 1207 communitatibus,
620 1165 677 1199 vel
701 1164 771 1209 piis
796 1164 1018 1208 quibuslibet
1043 1164 1312 1208 sodalitatibus,
1339 1167 1406 1201 sub
1430 1167 1580 1202 diversis

85 1224 210 1260 formis
235 1235 278 1259 ac
301 1223 508 1259 nominibus
533 1222 714 1258 institutis
739 1223 796 1258 vel
822 1222 1064 1264 instituendis,
1093 1234 1235 1258 omnem
1255 1224 1418 1259 favorem
1444 1227 1481 1259 et
1498 1237 1582 1270 gra—

83 1282 177 1318 tiam
200 1283 400 1328 praestent.
448 1282 484 1317 30
511 1281 615 1316 Nihil
640 1282 787 1316 demum
812 1280 1008 1326 negligant
1041 1282 1078 1315 et
1102 1281 1329 1316 intentatum
1354 1283 1577 1327 relinquant,

85 1342 128 1375 ut
152 1340 274 1376 Clerus
311 1340 508 1375 saecularis
547 1351 568 1374 a
594 1341 763 1384 separato
802 1339 866 1374 illo
903 1340 941 1373 et
978 1339 1140 1374 solitario
1166 1339 1312 1374 vivendi
1351 1340 1480 1383 modo,
1519 1341 1581 1385 qui

86 1398 195 1434 nimis
217 1410 380 1433 amorem
397 1397 587 1442 proprium
604 1397 711 1441 sapit,
738 1397 785 1432 ad
807 1397 1127 1439 cohabitationem,
1155 1398 1372 1440 convictum,
1400 1399 1581 1435 consocia-

85 1457 233 1500 tionem,
260 1468 352 1501 quae
379 1456 572 1492 caritatem
597 1456 761 1491 redolent
785 1457 822 1491 et
847 1455 972 1491 unioni
998 1456 1134 1498 favent,
1161 1457 1420 1492 transferatur.

333 1563 385 1597 De
409 1562 602 1597 mulierum
625 1561 664 1595 in
690 1560 856 1596 domibus
883 1561 1111 1596 sacerdotum
1137 1561 1330 1596 famulatu,

180 1632 389 1669 Sacerdotes
423 1643 444 1666 a
469 1631 636 1667 domibus
672 1631 744 1666 suis
780 1631 837 1666 vel
861 1643 1008 1676 prorsus
1042 1630 1263 1664 famulatum
1300 1631 1495 1666 mulierum
1520 1642 1580 1666 ex-

84 1692 256 1732 cludant;
294 1691 352 1725 vel
376 1689 407 1724 si
432 1690 595 1733 aliquam
627 1688 818 1724 mulierem
843 1688 881 1722 in
907 1688 1086 1723 famulam
1123 1688 1252 1724 haberi
1276 1700 1417 1724 necesse
1456 1689 1576 1732 fuerit,

82 1751 244 1796 eligatur
268 1762 361 1795 quae
386 1750 485 1785 vitae
509 1750 557 1784 sit
582 1749 729 1784 omnino
755 1748 1053 1793 probatissimae,
1080 1749 1271 1791 famaeque
1296 1747 1576 1792 integerrimae;

83 1821 150 1845 nec
185 1810 306 1845 aeta-te
329 1809 448 1843 minor
485 1820 596 1852 quam
621 1808 870 1852 quadraginta
907 1807 1033 1848 annis,
1072 1806 1142 1841 nisi
1177 1806 1225 1841 sit
1261 1817 1305 1841 ex
1340 1806 1385 1839 iis
1412 1805 1576 1850 proxime

83 1868 269 1913 cognatis,
306 1879 398 1911 quas
423 1867 469 1902 ab
495 1866 657 1910 antiquis
682 1865 796 1900 etiam
821 1865 1019 1901 canonibus
1053 1876 1135 1899 cum
1158 1863 1382 1909 presbyteris
1408 1863 1579 1898 habitare

83 1937 288 1962 concessum
315 1927 406 1961 erat.

408 2031 460 2065 De
485 2041 662 2065 concursu
688 2029 735 2063 ad
760 2029 1007 2064 Parochorum
1032 2027 1257 2063 electionem.

176 2100 396 2136 Concursum
432 2100 480 2134 ad
514 2099 760 2134 parochorum
796 2097 1006 2133 electionem
1042 2097 1081 2131 in
1117 2096 1241 2131 multis
1276 2096 1488 2141 regionibus
1514 2095 1577 2130 ob-

82 2159 248 2194 solevisse
273 2170 379 2194 nemo
403 2159 458 2193 est
483 2157 547 2201 qui
571 2158 721 2193 nesciat.
771 2157 848 2192 Hoc
882 2168 966 2191 vero
1002 2168 1045 2190 ex
1081 2155 1207 2190 multis
1243 2154 1426 2198 variisque
1462 2154 1578 2188 causis

83 2216 227 2258 evenit,
266 2216 327 2250 sed
350 2215 431 2251 ideo
455 2216 580 2250 forsan
605 2215 798 2260 praecipue
835 2214 921 2258 quia
946 2214 1023 2248 sola
1047 2214 1121 2248 fere
1146 2213 1184 2247 in
1209 2212 1385 2257 eligendis
1411 2212 1578 2247 attende-

82 2275 192 2310 batur
218 2273 379 2316 scientia,
406 2274 560 2318 ipsomet
585 2272 812 2318 probationis
838 2272 939 2306 exitu
966 2272 1212 2316 comprobata,
1239 2282 1312 2305 non
1338 2272 1462 2305 autem
1488 2270 1577 2304 satis

82 2332 343 2378 respiciebatur
371 2332 418 2366 ad
443 2331 637 2376 pietatem,
664 2331 711 2366 ad
738 2332 882 2366 sanctos
907 2342 1044 2372 mores,
1083 2331 1119 2364 et
1155 2329 1201 2364 ad
1236 2329 1456 2373 parochialis
1482 2328 1577 2372 regi-

82 2389 192 2424 minis
216 2388 405 2434 perit‘iam;
442 2389 538 2424 unde
576 2400 680 2432 saepe
717 2389 829 2424 fiebat
865 2390 906 2422 ut
932 2389 979 2422 ad
1003 2387 1180 2432 regendas
1206 2388 1362 2432 majores
1386 2386 1577 2430 parochias

79 2448 389 2493 promoverentur,
417 2447 480 2490 qui
505 2458 551 2481 ne
575 2446 678 2491 digni
703 2447 848 2490 quidem
875 2445 1028 2480 fuissent
1052 2445 1253 2480 minoribus
1276 2443 1435 2489 praefici.

174 2505 427 2548 Quamobrem,
454 2504 514 2539 ubi
543 2515 734 2539 concursus
758 2503 797 2538 in
822 2515 889 2538 usu
913 2503 1091 2544 habetur,
1137 2513 1276 2537 necesse
1300 2502 1395 2537 foret
1419 2513 1495 2536 rem
1520 2502 1575 2538 ita

80 2563 269 2609 componi,
306 2565 348 2599 ut
372 2563 553 2598 latissima
587 2562 852 2606 relinqueretur
879 2561 1053 2606 episcopis
1078 2560 1252 2602 libertas,
1291 2559 1458 2594 omnibus
1495 2571 1575 2604 per-

81 2621 211 2666 spectis
235 2623 271 2656 et
296 2621 462 2663 libratis,
501 2632 580 2662 eos,
620 2632 685 2664 pro
711 2632 776 2655 sua
800 2619 1015 2664 prudentia,
1043 2618 1222 2664 eligendi.
1261 2617 1323 2661 qui
1358 2629 1432 2652 non
1458 2618 1575 2652 solum

81 2680 199 2722 docti,
226 2680 287 2715 sed
312 2682 348 2715 et
373 2691 416 2715 ex
441 2679 540 2715 omni
573 2681 678 2724 parte
703 2678 822 2724 magis
848 2678 951 2723 digni
976 2677 1205 2718 viderentur,
1243 2674 1468 2719 pasthabitis
1494 2676 1576 2710 doc—

80 2737 237 2774 tioribus
263 2740 325 2773 sed
349 2739 469 2773 minus
495 2738 630 2783 dignis.

172 2797 215 2831 In
239 2797 325 2832 locis
350 2793 473 2832 autem
499 2795 579 2837 ubi,
615 2797 766 2840 propter
792 2794 991 2839 peculiares
1017 2805 1162 2835 causas,
1189 2793 1246 2828 lex
1271 2803 1465 2827 concursus
1501 2803 1575 2827 non

1219 2851 1260 2885 19
1279 2851 1297 2869 ⁹⁶
