1812 3088
224 129 247 167 3
258 128 273 166 1
283 129 308 167 8
857 121 1083 167 Nachtrage.

221 239 263 273 In
289 237 527 279 dioecesibus,
562 236 601 270 in
635 236 768 280 quibus
799 249 884 272 usus
917 238 1078 274 invaluit
1102 239 1160 273 vel
1193 238 1318 275 induci
1343 242 1464 285 potest
1489 244 1532 278 ut
1556 243 1725 288 synodus

220 296 441 331 Dioecesana
466 294 664 339 quotannis
689 295 890 331 celebretur
907 297 954 332 ab
972 297 1158 342 Episcopo,
1186 298 1324 334 vocatis
1341 298 1533 335 Canonicis
1549 301 1719 336 ecclesiae

219 353 452 395 cathedralis,
480 352 626 388 decanis
645 353 961 389 christianitatum
979 357 1015 390 et
1033 355 1350 392 examinatoribus
1368 357 1617 403 synodalibus,
1636 359 1726 395 haec

219 412 353 457 agendi
379 412 476 447 ratio
502 413 678 447 servetur.

955 519 999 553 V.

524 577 574 611 De
598 576 669 620 piis
695 576 861 613 virorum
887 589 928 613 ac
954 577 1203 614 foeminarum
1231 579 1425 615 Institutis.

313 646 462 680 Praeter
491 646 717 681 monasteria
750 646 875 681 stricte
909 648 1011 682 dicta
1044 650 1130 683 sunt
1158 648 1196 683 in
1223 649 1350 695 Belgio
1376 649 1480 694 quasi
1507 649 1723 685 innumerae

218 705 301 750 piae
334 705 415 738 tum
443 704 605 739 virorum
630 704 710 739 tum
736 705 961 740 feminarum
986 706 1150 742 familiae
1175 719 1269 752 quae
1293 707 1397 742 bonis
1424 707 1594 752 operibus
1620 718 1723 752 occu:

218 765 367 808 pantur,
397 762 582 798 videlicet:
611 763 827 798 educatione
851 766 888 799 et
913 765 1154 801 instructione
1179 766 1358 811 pueritiae
1381 769 1419 802 et
1445 765 1721 808 adolescentiae,

219 834 308 858 cura
327 834 464 865 senum,
490 833 690 864 coecorum,
717 823 921 866 surdorum,
941 826 1137 867 mutorum,
1156 824 1433 867 insanientium,
1451 825 1725 870 languidorum,

218 881 466 917 morientium.
516 881 594 916 Hae
626 881 792 917 familiae
816 882 995 928 Episcopo
1022 885 1208 919 annuente
1234 886 1271 919 et
1302 884 1450 919 favente
1483 884 1612 925 natae,
1647 882 1726 928 ejus

217 938 377 974 consiliis
402 940 439 974 et
456 938 655 984 vigilantia
680 951 769 983 opus
795 940 945 975 habent.
994 940 1192 985 Episcopus
1217 940 1313 976 enim
1336 953 1426 986 prae
1451 941 1620 977 omnibus
1646 940 1728 976 aliis

219 997 324 1033 novit
349 1009 476 1033 earum
500 997 732 1033 necessitates
758 1000 794 1033 et
817 998 996 1043 pericula,
1032 998 1148 1043 iisque
1175 999 1353 1034 auxilium
1380 999 1452 1035 fert
1476 1001 1723 1045 opportunum

218 1059 255 1092 et
282 1056 487 1102 egregimn.
535 1056 641 1091 Tales
667 1057 796 1091 domus
814 1056 959 1092 deditae
978 1057 1149 1101 operibus
1174 1057 1241 1092 zeli
1266 1060 1303 1093 et
1327 1058 1521 1093 charitatis
1546 1059 1633 1093 sunt
1658 1057 1723 1092 du—

218 1117 347 1151 centae
367 1115 423 1150 vel
448 1115 633 1150 trecentae
657 1115 697 1149 in
721 1127 952 1159 quacumque
970 1115 1130 1151 Dioecesi
1149 1116 1277 1161 Belgii.
1304 1111 1570 1162 pffosperantm·
1586 1116 1624 1150 et
1639 1116 1725 1158 Deo,

218 1177 261 1210 ut
284 1186 490 1219 speramus,
525 1175 611 1209 sunt
646 1173 896 1218 gratissimae,
931 1174 1111 1210 Ecclesiae
1146 1177 1271 1210 autem
1305 1174 1534 1210 utilissimae.
1584 1173 1726 1208 Passim

216 1234 398 1279 reguntur
419 1232 532 1278 juxta
557 1231 729 1277 spiritum
748 1244 780 1267 ss
810 1232 1001 1267 Canonum
1026 1233 1065 1268 in
1090 1233 1164 1267 illis
1182 1245 1277 1277 quae
1301 1234 1469 1278 spectant
1494 1233 1542 1267 ad
1565 1232 1727 1268 novitia-

216 1294 307 1334 tum‚
335 1291 603 1336 separationem
629 1302 651 1325 a
676 1290 861 1335 profanis,
896 1290 1069 1336 spiritum
1094 1291 1327 1336 paupertatis
1351 1292 1420 1326 etc.
1469 1291 1539 1326 Sed
1562 1290 1646 1325 illas
1670 1301 1726 1325 re-

217 1351 347 1385 ducere
380 1350 427 1385 ad
462 1349 580 1395 apices
609 1349 706 1395 juris
740 1352 777 1384 et
810 1350 1026 1385 submittere
1052 1349 1341 1395 Congregationi
1366 1350 1555 1384 Romanae
1579 1349 1634 1383 est
1657 1348 1726 1383 im-

217 1408 401 1454 possibile.

312 1467 525 1503 Postulatur
548 1466 692 1511 itaque:
726 1469 769 1502 ut
795 1467 998 1502 auctoritas
1023 1466 1193 1511 Episcopi
1219 1466 1268 1501 sit
1293 1468 1331 1502 et
1357 1467 1508 1507 maneat
1534 1466 1574 1502 in
1600 1465 1726 1502 omnia

215 1526 438 1562 monasteria
456 1525 627 1560 Fratrum
656 1526 835 1560 laicorum
854 1527 890 1560 et
908 1526 1092 1568 Sororum,
1118 1525 1174 1560 ita
1200 1525 1348 1569 quidem
1374 1527 1417 1560 ut
1441 1525 1488 1560 ad
1508 1524 1725 1570 Episcopum

216 1586 427 1620 recurratur
452 1595 520 1629 pro
544 1583 645 1619 omni
671 1584 996 1619 administratione
1022 1584 1208 1629 spirituali
1232 1585 1269 1619 et
1292 1583 1502 1629 temporali.

948 1690 1007 1724 VI.

753 1750 804 1784 De
831 1748 1009 1784 Oratoriis
1034 1747 1202 1793 privatis.

311 1819 524 1855 Postulatur
550 1821 593 1855 ut
609 1820 811 1855 Concilium
836 1821 1057 1866 potestatem
1082 1819 1197 1855 faciat
1215 1819 1384 1855 omnibus
1401 1818 1616 1861 Ordinariis‚
1643 1830 1726 1854 con-

216 1878 367 1914 cedendi
394 1877 554 1923 privatis
580 1878 800 1922 quibusdam
827 1877 1001 1922 personis,
1029 1889 1119 1921 quas
1144 1877 1214 1922 ipsi
1238 1877 1277 1911 in
1295 1876 1451 1912 Domino
1470 1876 1602 1922 dignas
1624 1876 1724 1922 judi-

215 1937 392 1979 caverint,
419 1936 622 1972 oratorium
641 1936 881 1971 domesticum
906 1936 943 1970 iu
969 1948 1041 1980 quo
1059 1937 1331 1971 sacrosanctum
1349 1934 1480 1970 Missae
1498 1934 1724 1969 Sacrificium

215 1995 389 2030 celebrari
422 1994 554 2039 possit;
590 1995 682 2037 imo,
718 1995 747 2029 si
781 1995 906 2030 adsint
938 1995 1099 2030 rationes
1132 1994 1370 2036 sufficientes,
1406 1993 1465 2028 SS.
1491 1993 1724 2029 Eucharistia

216 2056 441 2091 asservetur;
468 2053 535 2088 sub
562 2053 837 2088 conditionibus
862 2054 986 2088 tamen
1014 2053 1071 2088 vel
1096 2065 1118 2087 a
1136 2052 1296 2087 Concilio
1322 2053 1380 2087 vel
1405 2064 1427 2087 a
1452 2053 1485 2087 S.
1505 2052 1592 2087 Sede
1619 2062 1723 2096 prae-

215 2110 426 2153 scribendis,
453 2113 491 2146 et
515 2112 562 2147 ad
588 2123 679 2156 quas
707 2111 855 2147 omnino
881 2113 1078 2147 teneantur
1103 2110 1302 2146 Ordinarii.

932 2217 1014 2252 VII.

697 2277 749 2312 De
774 2276 966 2312 Altaribus
991 2275 1248 2321 privilegiatis.

309 2347 486 2383 Obtineat
510 2347 713 2382 Concilium
748 2360 770 2383 a
795 2348 827 2383 S.
855 2348 961 2389 Sede,
998 2348 1045 2382 ab
1075 2346 1259 2392 Episcopis
1294 2345 1440 2381 concedi
1472 2355 1573 2390 posse
1607 2357 1722 2380 unum

215 2406 333 2442 altare
358 2406 639 2451 privilegiatum
665 2406 702 2440 in
725 2406 891 2450 qualibet
907 2417 950 2440 ex
968 2406 1041 2440 suis
1059 2405 1216 2440 ecclesiis
1234 2404 1437 2449 collegiatis
1455 2403 1511 2439 vel
1530 2403 1724 2448 parochia-

215 2464 311 2499 libus
338 2466 374 2499 et
400 2464 439 2499 in
465 2465 632 2508 quolibet
658 2477 700 2500 ex
727 2465 800 2500 suis
819 2465 999 2500 Oratoriis
1025 2477 1107 2500 vere
1124 2464 1289 2509 publicis,
1315 2463 1425 2507 idque
1450 2463 1506 2498 vel
1532 2462 1570 2498 in
1596 2473 1723 2508 perpe-

213 2524 321 2557 tuum
347 2523 404 2557 vel
431 2523 478 2557 ad
504 2525 648 2567 tempus
673 2523 888 2564 limitatum,
916 2523 977 2558 sed
1002 2522 1056 2557 ita
1081 2523 1206 2557 tamen
1234 2524 1277 2556 ut
1301 2533 1343 2556 ea
1368 2521 1548 2556 concessio
1575 2521 1622 2556 ab
1638 2521 1723 2565 Epi-

215 2581 332 2626 scopis
366 2581 539 2616 renovari
573 2592 713 2625 semper
738 2580 853 2626 possit
886 2580 976 2625 quin
1010 2581 1057 2616 ad
1084 2581 1117 2616 S.
1144 2581 1269 2616 Sedem
1304 2590 1488 2614 recurrere
1515 2580 1721 2614 teneantur.

214 2640 251 2675 Si
276 2651 362 2675 vero
390 2640 423 2674 S.
449 2640 556 2675 Sedes
580 2640 676 2674 hanc
703 2639 919 2674 facultatem
945 2638 1014 2673 sibi
1038 2650 1224 2673 reservare
1250 2637 1397 2673 omnino
1424 2637 1523 2679 velit,
1553 2637 1722 2673 obtineat

212 2697 414 2733 Concilium
443 2699 481 2732 ut
506 2698 545 2732 in
573 2697 681 2732 Brevi
707 2696 946 2733 concessionis
971 2708 1044 2731 non
1070 2697 1265 2731 occurrant
1291 2695 1475 2730 clausulae
1501 2697 1578 2730 tam
1604 2695 1721 2730 ambi-

214 2767 325 2799 guae,
361 2757 401 2790 ut
434 2755 520 2790 inde
545 2755 662 2791 videri
687 2755 829 2801 possint
862 2758 1035 2791 revocata
1060 2753 1258 2800 privilegia
1284 2755 1395 2790 antea
1420 2753 1505 2790 licet
1529 2754 1567 2789 in
1594 2765 1721 2800 perpe-

218 2816 323 2849 tuum
351 2826 527 2851 concessa.
1049 2817 1053 2820 ’
