1812 3088
637 104 887 142 Aktenstiicke
912 106 1010 141 xm.
1477 112 1559 151 285

70 221 222 268 proinde
246 221 350 257 fletus
375 221 413 258 et
435 220 600 266 ploratus
625 221 821 265 parentum
854 223 891 256 et
914 221 1152 265 parvulorum
1178 219 1463 265 Catholicorum,
1501 223 1563 258 sed

67 280 260 316 incassum.
309 280 496 325 Coguntur
529 279 700 323 parentes
724 277 902 313 Catholici
935 289 1000 323 per
1025 277 1203 314 mulctam
1236 280 1273 315 et
1297 290 1454 324 poenam
1478 279 1563 315 mit-

68 340 146 374 tere
170 338 330 374 infantes
358 349 439 374 suos
464 337 511 372 ad
529 335 668 372 scholas
687 335 929 377 Acatholicas,
957 347 1048 379 quas
1064 335 1200 372 mixtas
1225 336 1317 372 falso
1335 340 1561 383 nuncupant,

68 407 151 430 cum
177 407 259 431 vere
284 394 357 430 sint
393 395 535 430 scholae
561 392 851 429 Protestanticae
885 393 941 427 vel
979 393 1113 428 nullius
1153 394 1245 429 fidei.
1306 395 1347 430 In
1384 395 1563 439 ejusmodi

67 453 197 489 scholis
222 452 371 498 parvuli
396 452 573 488 Catholici
591 451 768 496 magistro
787 451 1014 496 Zwingliano
1039 451 1245 488 instruendi
1270 453 1561 496 committuntur,

68 511 130 555 qui
154 511 204 548 eis
228 523 362 554 coram,
388 511 476 546 data
501 510 569 546 sibi
595 508 798 551 occasione,
834 508 916 543 fidei
941 508 1150 545 Catholicae
1177 510 1387 552 veritatem,
1423 511 1562 546 cultum

66 567 243 611 divinum,
270 569 377 614 leges,
403 567 689 609 eonsuetudines,
724 578 768 601 ss.
794 568 1044 608 sacramenta,
1081 568 1322 603 coeremonias
1355 568 1563 605 Catholicae

66 626 243 662 Ecclesiae
268 627 483 667 obtrectare,
522 625 683 660 deridere
707 626 744 660 et
769 624 961 660 diffamare
987 637 1058 661 non
1084 626 1369 670 praetermittit,
1406 630 1447 663 ut
1478 639 1562 672 par-

67 685 235 720 vulorum
260 686 399 720 mentes
425 683 526 718 falsis
553 682 728 719 doctrinis
754 681 894 717 inficiat
907 697 913 723 3
953 684 990 717 et
1024 683 1151 727 ecquid
1176 683 1384 728 iniquitatis
1410 686 1561 729 semina,

67 753 160 786 quae
184 741 348 787 spargit.
385 742 431 776 ad
456 741 599 786 frugem
625 740 833 784 iniquitatis
859 751 1059 776 accrescere
1084 741 1247 777 debent?
1290 744 1339 778 Ut
1363 743 1480 787 iniqui
1505 743 1561 778 illi

65 799 292 845 legislatores
318 798 529 834 acatholicis
562 798 701 833 civibus
737 797 879 833 facilius
906 799 1116 839 suaderent,
1156 800 1296 835 scholas
1333 801 1399 835 has
1425 800 1562 836 mixtas

64 857 140 893 sive
165 857 384 893 acatholicas
408 857 577 902 religioni
601 857 840 901 parvulorum
865 856 1138 892 Catholicorum
1174 858 1227 892 nil
1252 859 1464 895 detrimenti
1487 871 1562 895 esse

65 915 265 957 adlatura&
290 915 451 961 primum
476 914 684 950 Catholicae
709 914 898 950 doctrinae
932 914 1213 950 instructionem
1245 928 1266 951 a
1291 917 1460 961 parochis
1485 919 1560 953 tra-

64 973 222 1008 dendam
246 973 284 1008 in
310 973 439 1010 scholis
475 972 657 1019 primariis
690 973 957 1015 admittebant,
995 973 1056 1009 sed
1081 973 1182 1009 brevi
1206 974 1321 1010 etiam
1354 986 1435 1011 eam
1461 975 1558 1010 Reli—

65 1029 184 1076 gionis
207 1030 487 1066 instructionem
518 1042 537 1065 e
564 1031 693 1066 scholis
718 1030 966 1072 e'iminarunt,
998 1030 1053 1065 ita
1081 1032 1119 1065 ut
1145 1030 1322 1067 Catholici
1346 1032 1493 1076 parvuli
1519 1031 1557 1067 in

65 1088 194 1124 scholis
217 1089 423 1124 omnimodo
439 1088 592 1124 arbitrio
616 1090 652 1123 et
670 1088 870 1124 seductioni
895 1088 1146 1133 ludimagistri
1172 1089 1432 1125 Protestantici
1456 1103 1557 1136 pror-

67 1158 126 1182 sus
150 1145 290 1189 relicti,
331 1158 513 1181 summum
537 1146 741 1191 periculum
777 1146 1019 1191 perversionis
1044 1147 1080 1181 et
1105 1145 1316 1182 defectionis
1350 1159 1372 1183 a
1397 1148 1467 1184 fide
1494 1149 1560 1184 Ca·

64 1203 200 1240 tholica
224 1205 380 1240 subeant
397 1216 537 1240 necesse
554 1205 611 1239 sit.
660 1204 804 1240 Etenim
821 1205 1073 1248 quodcumque
1091 1204 1178 1250 ipsis
1195 1216 1217 1239 a
1237 1206 1396 1250 parocho
1412 1207 1561 1252 proprio

65 1261 103 1296 in
129 1262 286 1298 Ecclesia
309 1263 512 1308 parochiali
545 1274 673 1298 verum
699 1274 741 1298 ac
765 1262 932 1298 divinum
964 1263 1130 1303 docetur,
1170 1275 1191 1297 a
1227 1263 1485 1310 ludimagistro
1521 1266 1560 1301 in

64 1320 195 1356 scholis
221 1321 355 1357 falsum
381 1323 418 1356 et
442 1322 626 1357 humanae
650 1321 872 1356 inventionis
899 1321 1112 1366 figmentum
1141 1321 1357 1364 declaratur,
1383 1324 1421 1358 et
1446 1324 1559 1367 quod-

65 1389 218 1423 cumque
253 1379 302 1414 eis
336 1380 459 1414 sancte
491 1379 690 1415 tenendum
722 1381 758 1413 et
783 1379 842 1424 pie
867 1380 1090 1414 servandum
1114 1379 1152 1414 in
1178 1379 1387 1415 Parochiali
1411 1381 1560 1417 ecclesia

68 1437 352 1479 commendatur,
391 1436 428 1471 in
455 1438 577 1473 schola
601 1436 718 1472 mixta
744 1437 859 1472 veluti
884 1449 941 1473 res
968 1437 1050 1472 vilis
1074 1439 1110 1473 et
1136 1437 1386 1482 superstitiosa
1412 1449 1559 1475 consue-

65 1494 154 1530 tudo
178 1495 435 1531 calumniatur.
485 1497 553 1532 Sed
577 1495 759 1541 ejusmodi
793 1496 935 1531 scholae
968 1507 1041 1530 non
1075 1496 1190 1531 solum
1226 1495 1265 1530 in
1289 1496 1556 1542 ludimagistro,

65 1563 192 1588 verum
215 1553 329 1589 etiam
353 1553 393 1588 in
416 1553 520 1589 libris
543 1554 806 1596 elementariis,
833 1554 871 1588 in
897 1554 1080 1599 spirituali
1106 1566 1214 1597 aura,
1253 1566 1346 1598 quae
1372 1555 1411 1589 in
1434 1554 1479 1590 iis
1504 1555 1557 1589 vi—

65 1612 146 1655 get,
181 1611 220 1646 in
245 1611 421 1648 doctrinis
445 1612 700 1657 alloquiisque,
733 1625 826 1657 quae
853 1613 1021 1647 feruntur
1037 1641 1044 1653 ,
1086 1612 1230 1648 nonnisi
1266 1613 1500 1658 negationem
1524 1615 1561 1648 et

65 1667 189 1703 odium
212 1668 251 1703 in
276 1669 490 1716 religionem
514 1673 551 1706 et
576 1670 770 1706 Ecclesiam
799 1670 1025 1707 Catholicam
1051 1671 1240 1706 redoleant
1265 1682 1405 1707 necesse
1431 1673 1496 1707 est.

159 1728 191 1762 2.
217 1728 320 1771 Quod
355 1740 439 1765 vero
474 1729 614 1764 dictum
649 1730 705 1764 est
741 1730 785 1764 de
823 1729 952 1764 scholis
989 1729 1114 1764 mixtis
1151 1728 1401 1771 inferioribus,
1441 1730 1479 1764 id
1515 1730 1558 1764 de

64 1785 194 1821 scholis
218 1786 343 1822 mixtis
367 1787 495 1823 mediis
518 1787 594 1822 sive
619 1787 797 1830 civilibus,
824 1787 879 1822 uti
900 1787 1172 1831 nuncupantur,
1199 1787 1331 1828 majori
1356 1787 1475 1823 adhuc
1499 1800 1558 1823 ra-

64 1844 163 1881 tione
187 1847 308 1888 valet,
345 1846 383 1881 in
408 1846 539 1891 quibus
564 1846 665 1892 pueri
689 1846 928 1892 provectioris
953 1845 1104 1889 aetatis,
1142 1845 1180 1880 in
1206 1844 1426 1889 disciplinis,
1465 1857 1558 1889 quae

64 1902 112 1938 ad
136 1904 275 1939 statum
299 1905 442 1941 civilem
467 1906 647 1949 spectant,
685 1904 911 1940 erudiuntur.
972 1903 1074 1938 Idem
1108 1903 1146 1937 in
1184 1902 1228 1937 iis
1264 1914 1329 1947 pro
1360 1903 1556 1948 juventute

63 1961 304 2006 perversionis
328 1962 541 2008 periculum,
566 1963 662 1999 idem
686 1964 774 1999 ordo
799 1962 996 1998 dissolutus
1021 1963 1058 1997 et
1084 1961 1233 2007 genium
1250 1961 1466 2005 plerumque
1492 1960 1559 1995 im-

63 2018 176 2064 pium.
225 2020 387 2056 Termini
412 2022 571 2065 finesque
595 2021 756 2057 locorum
781 2022 818 2056 et
842 2019 1147 2055 communitatum
1173 2018 1394 2064 jamdudum
1418 2018 1558 2054 sublati

64 2077 162 2113 fuere
176 2105 184 2120 ,
222 2077 352 2122 quibus
377 2078 555 2114 Catholici
591 2080 775 2123 quondam
801 2090 823 2114 a
848 2077 1142 2114 Protestantibus
1175 2076 1333 2122 sejuncti
1357 2077 1558 2123 degebant:

63 2147 150 2170 nam
175 2137 273 2181 apud
298 2148 362 2172 nos
388 2137 463 2171 fere
487 2137 526 2171 in
549 2137 717 2172 omnibus
743 2135 967 2178 civitatibus,
994 2135 1156 2180 oppidis,
1184 2134 1273 2170 vicis
1298 2137 1335 2170 et
1360 2135 1560 2171 communi-

63 2192 204 2228 tatibus
228 2193 406 2229 Catholici
442 2194 548 2229 mixti
586 2206 667 2229 cum
707 2193 931 2230 Acatholicis
967 2193 1174 2229 omnimodo
1211 2195 1483 2229 commorantur
1521 2194 1559 2228 et

64 2250 300 2294 quotidianae
325 2251 423 2287 vitae
448 2253 661 2288 commercio
686 2255 720 2288 et
739 2252 1012 2288 conversatione
1037 2251 1193 2287 invicem
1212 2253 1418 2288 cohaerent.
1455 2251 1559 2286 Unde

65 2309 271 2354 saepissime
295 2311 362 2345 fiat
385 2313 546 2356 oportet,
573 2312 614 2345 ut
641 2312 823 2346 crescente
855 2310 891 2344 in
919 2310 994 2345 dies
1019 2321 1144 2345 eorum
1176 2321 1328 2344 numero
1353 2308 1559 2344 Acatholici

64 2369 429 2412 communicationem
452 2369 487 2403 in
516 2369 646 2404 scholis
670 2380 752 2403 cum
776 2368 972 2403 Catholicis
996 2367 1260 2412 impensissime
1286 2368 1487 2412 quaerant,
1523 2369 1559 2401 et

65 2426 241 2463 Catholici
266 2427 361 2462 cives
385 2429 444 2463 vel
469 2428 598 2463 fraude
624 2426 911 2462 Protestantium
941 2426 998 2462 vel
1030 2425 1177 2471 propria
1206 2424 1322 2460 animi
1347 2424 1498 2461 levitate
1522 2425 1559 2459 et

65 2485 188 2530 pravis
212 2485 387 2521 doctrinis
413 2486 597 2522 obcoecati
622 2496 880 2530 saepenumero
905 2486 1055 2530 pactum
1080 2495 1162 2519 cum
1181 2483 1405 2519 Acatholicis
1430 2483 1559 2518 ineant

66 2544 109 2579 de
133 2544 393 2580 commutanda
430 2545 552 2580 schola
588 2544 771 2588 hucusque
805 2554 895 2588 pure
935 2542 1114 2578 catholica
1138 2542 1177 2576 in
1215 2541 1374 2576 scholam
1401 2541 1558 2576 mixtam

65 2612 158 2645 quae
190 2603 423 2646 postmodum
459 2603 572 2638 etiam
597 2601 892 2637 Acatholicorum
918 2600 1039 2646 pueris
1074 2599 1298 2635 instruendis
1333 2598 1487 2634 inservit
1523 2600 1559 2633 et

65 2660 174 2705 plane
209 2671 325 2705 neque
361 2661 540 2696 catholica
565 2672 679 2704 neque
716 2659 832 2694 mixta
866 2659 927 2694 sed
950 2658 1217 2704 protestantica
1254 2657 1309 2692 est
1345 2657 1401 2692 vel
1436 2657 1558 2701 potius

65 2718 182 2752 omnis
206 2717 394 2763 religionis
419 2718 598 2763 positivae
624 2728 771 2762 prorsus
805 2728 943 2761 expers.
991 2716 1100 2751 Brevi
1133 2725 1290 2758 namque
1324 2713 1410 2748 talis
1436 2714 1558 2750 schola

64 2775 102 2809 in
128 2775 282 2812 mixtam
308 2777 535 2812 commutata
558 2777 597 2811 in
622 2776 842 2821 potestatem
876 2774 1153 2811 moderatricem
1182 2771 1416 2808 Acatholicae
1440 2772 1557 2816 partis

66 2833 211 2876 transit,
238 2835 339 2870 velut
364 2834 480 2870 tristis
505 2834 728 2879 experientia
753 2833 866 2869 docet.
915 2833 1018 2868 Unde
1042 2832 1102 2874 fit,
1130 2832 1171 2866 ut
1196 2831 1292 2874 quod
1316 2831 1473 2876 maiores
1499 2841 1557 2866 ca-
