1812 3088
222 91 275 131 32
283 92 306 131 2
859 85 1084 130 Nachtrage.

954 201 981 235 I.

879 259 1060 294 Pericula.

308 320 485 361 Pericula,
507 329 601 363 <piae
614 330 657 354 ex
676 318 804 353 mixtis
821 318 1072 353 matrimoniis
1090 319 1292 355 catholicae
1306 320 1488 356 Ecclesiae
1504 324 1718 365 nascuntur,

213 380 406 417 notissima
439 378 545 419 sunt,
584 377 621 411 et
653 388 739 411 raro
773 376 940 421 exemplo
973 376 1152 421 ejusmodi
1191 377 1374 414 connubia
1403 379 1624 425 conjugibus
1650 380 1719 416 Dei

213 437 506 474 benedictionem
522 435 715 479 vitamque
741 435 891 470 beatam
917 435 1082 470 conferre
1107 435 1328 479 quotidiana
1357 437 1585 481 experientia
1603 437 1720 473 docet.

214 498 391 532 Attamen
416 495 485 530 hoc
509 506 582 529 non
609 493 782 538 impedit,
818 493 907 537 quin
942 492 1037 528 sicut
1072 492 1162 528 alibi
1190 493 1245 528 ita
1270 493 1385 529 etiam
1409 493 1449 529 in
1475 495 1719 532 Alemannica

212 555 382 591 Helvetia
407 565 450 588 ac
465 541 685 598 praesertini
700 551 738 586 in
757 551 919 587 Dioecesi
944 551 1178 597 Sangallensi
1203 564 1378 588 numerus
1402 553 1603 589 mixtorum
1630 565 1717 589 con-

212 613 408 648 nubiorum
432 611 531 646 inter
557 611 763 647 Catholicos
788 611 827 645 in
854 611 930 646 dies
956 611 1076 657 magis
1102 613 1305 647 accrescat:
1332 614 1369 648 et
1394 624 1468 648 non
1493 613 1718 649 mirandum.

212 675 316 708 Intra
341 671 521 707 Dioecesis
547 671 711 717 ejusdem
735 671 823 706 fines
855 671 1005 714 12Ο,ΟΟΟ
1022 671 1276 707 Protestantes
1294 671 1440 706 circiter
1465 683 1549 706 cum
1567 673 1718 715 130‚000

212 731 410 768 Catholicis
435 730 588 766 vivunt:
624 730 687 774 qui
714 742 837 765 omnes
863 731 900 765 et
926 729 1064 775 singuli
1089 729 1304 774 quotidiano
1329 729 1472 766 socialis
1497 730 1597 766 vitae
1622 742 1719 766 com-

211 790 353 832 mercio,
384 789 490 823 unius
514 788 751 834 ejusdemque
768 788 994 833 reipublicae
1019 788 1295 831 constitutione,
1315 788 1599 834 magistratibus
1625 789 1716 835 legi-

210 849 348 892 busque
374 846 532 882 invicem
559 847 647 882 satis
674 848 776 882 arcte
797 846 921 892 ‚iuncti
947 848 1045 882 sunt.
1096 847 1188 882 Hinc
1212 847 1310 883 inter
1333 847 1498 883 homines
1523 847 1716 892 utriusque

212 919 316 942 sexus
344 907 381 941 et
404 905 607 951 Religionis
641 905 921 942 consuetudines
955 906 1181 950 frequentes,
1219 905 1443 951 multiplices
1476 906 1653 951 peccandi
1677 906 1716 941 in

215 965 317 1010 tru·pi
344 964 568 1007 occasiones,
605 966 642 1000 et
665 966 838 1010 urgentes
864 965 1026 1000 nubendi
1051 965 1224 1008 rationes,
1254 964 1388 1009 quibus
1414 966 1593 1001 accedunt
1617 965 1718 1010 apud

209 1024 408 1059 catholicos
426 1024 582 1069 Sponsos
601 1025 804 1069 Sponsasve
829 1025 920 1061 levis
945 1025 990 1060 de
1006 1024 1185 1070 religione
1209 1036 1344 1066 sensus,
1371 1022 1713 1067 Indifferentismus,

208 1095 312 1118 sacra
329 1083 410 1118 auri
428 1083 556 1124 fames,
583 1084 802 1118 contrahens
820 1083 1065 1128 perniciosum
1091 1085 1148 1119 tot
1165 1083 1367 1119 mixtorum
1390 1082 1714 1119 matrimoniorum

206 1142 414 1187 exemplum
447 1142 483 1176 et
518 1141 565 1175 ab
600 1141 644 1176 iis
682 1141 903 1186 deprompta
927 1142 1135 1178 Conclusio:
1175 1143 1272 1186 quod
1307 1141 1390 1177 aliis
1421 1141 1566 1177 licitum
1591 1141 1716 1184 fuerit,

206 1201 351 1246 singulo
378 1199 509 1243 cuique
535 1211 609 1235 non
636 1201 811 1236 illicitum
836 1213 921 1237 esse.
971 1202 1101 1246 Itaque
1126 1201 1299 1237 catholici
1326 1202 1481 1247 juvenes
1507 1201 1716 1247 virginesve

204 1261 251 1295 ad
277 1258 515 1294 matrimonia
540 1259 659 1295 mixta
685 1260 872 1301 advolant,
905 1260 1002 1295 notis
1020 1261 1068 1295 ab
1082 1260 1242 1295 Ecclesia
1266 1259 1503 1305 praescriptis
1529 1259 1709 1296 conditio-

206 1319 316 1354 nibus
340 1318 593 1353 satisfacturos
620 1331 657 1354 se
682 1319 927 1364 promittunt,
966 1320 1027 1355 sed
1061 1319 1165 1354 brevi
1198 1318 1359 1354 familias
1388 1319 1604 1364 plerumque
1630 1330 1714 1355 con-

204 1378 376 1419 stituunt,
405 1390 427 1412 a
454 1378 638 1414 catholica
655 1377 836 1423 religione
862 1378 900 1412 in
927 1378 1004 1414 dies
1030 1377 1150 1423 magis
1174 1377 1440 1420 dissentientes,
1468 1389 1563 1422 quae
1579 1377 1714 1423 quippe

206 1436 398 1482 religionis
426 1437 549 1472 officia
576 1448 618 1472 ac
650 1437 802 1482 pietatis
828 1436 1005 1473 exercitia
1030 1437 1228 1482 negligunt
1253 1437 1457 1480 liberosque
1482 1447 1565 1471 suos
1589 1435 1629 1470 in
1654 1447 1715 1481 pe-

205 1495 330 1530 stifera
355 1495 655 1531 indifferentismi
681 1507 774 1531 aura
802 1495 962 1531 edicant.
1012 1495 1171 1531 Proinde
1197 1507 1240 1530 ea
1264 1495 1384 1530 mixta
1412 1493 1652 1530 matrimonia.
1676 1496 1715 1530 et

202 1566 246 1589 ex
270 1553 316 1588 iis
342 1554 444 1589 ortae
470 1553 637 1589 familiae
663 1554 843 1589 foecunda
877 1554 1092 1599 plerumque
1129 1554 1222 1589 fiant
1256 1565 1399 1590 necesse
1427 1554 1482 1589 est
1508 1552 1714 1588 Seminaria

203 1612 383 1658 ejusmodi
400 1612 687 1654 Catholicorum,
715 1612 779 1656 qui
797 1624 862 1647 nec
878 1613 988 1647 fidem
1007 1612 1230 1648 catholicam
1247 1613 1469 1657 profitentur
1495 1622 1562 1647 nec
1589 1610 1713 1647 officia

204 1670 363 1705 hominis
390 1670 564 1706 catholici
592 1670 809 1715 adimplent,
847 1671 908 1706 sed
934 1670 1143 1706 infidelibus
1170 1671 1369 1707 deteriores
1393 1671 1484 1707 facti
1509 1670 1710 1706 Ecclesiam

202 1729 380 1764 acerrime
404 1729 586 1765 infestant
613 1730 650 1763 et
675 1740 716 1764 eo
741 1728 926 1763 efficacius
953 1740 1035 1764 eam
1068 1729 1310 1774 perturbant,
1345 1730 1442 1774 quod
1479 1730 1546 1764 sub
1580 1728 1711 1764 fictitio

201 1787 348 1822 nomine
374 1787 473 1822 inter
500 1799 604 1822 veros
631 1787 837 1822 Catholicos
863 1789 1108 1829 recensentur,
1146 1789 1327 1832 tanquam
1352 1788 1522 1824 morbida
1546 1787 1713 1823 membra

201 1845 353 1890 Corpori
371 1845 552 1881 Ecclesiae
578 1846 783 1881 adhaerent
809 1847 845 1880 et
871 1858 945 1881 non
972 1846 1085 1881 aforis
1111 1847 1172 1881 sed
1190 1846 1237 1881 ab
1255 1846 1356 1881 intus
1373 1845 1526 1890 ideoque
1543 1845 1711 1881 funditus

200 1904 363 1939 ordinem
392 1906 429 1939 et
462 1915 591 1949 pacem
618 1903 799 1939 Ecclesiae
826 1904 1051 1939 confundere
1083 1903 1172 1948 ipsis
1199 1904 1395 1950 contingit.
1444 1903 1711 1939 Praetermitto

199 1974 378 2007 exponere
404 1964 461 1998 tot
487 1962 700 1998 animarum
724 1974 791 2007 pro
818 1962 897 1997 vita
932 1963 1084 1997 aeterna
1115 1962 1305 2007 jacturam
1331 1963 1393 1998 vix
1421 1974 1586 2007 unquam
1620 1961 1710 1997 satis

198 2021 476 2065 deplorandam.
526 2021 621 2056 Hinc
655 2021 831 2056 facillime
866 2022 986 2066 potest
1012 2021 1130 2056 evinci
1164 2033 1229 2066 per
1254 2021 1374 2057 mixta
1400 2021 1644 2057 matrimonia
1668 2019 1708 2055 in

197 2079 242 2113 iis
276 2080 506 2125 regionibus,
542 2080 581 2114 in
615 2080 749 2124 quibus
773 2079 856 2124 pari
887 2080 971 2125 jure
996 2079 1176 2115 Catholici
1207 2081 1244 2114 et
1278 2081 1530 2125 protestantes
1560 2079 1708 2116 mixtim

198 2139 474 2172 commorantur
499 2139 718 2174 catholicam
737 2138 936 2173 Ecclesiam
961 2138 1081 2184 magis
1106 2138 1297 2183 magisque
1321 2138 1360 2173 in
1378 2138 1454 2174 dies
1472 2138 1703 2181 labefactari,

199 2195 362 2230 fidelium
388 2208 536 2231 suorum
563 2208 717 2232 numero
744 2198 780 2231 et
798 2208 864 2230 sua
881 2195 1099 2241 integritate
1126 2197 1162 2231 et
1179 2196 1401 2232 auctoritate
1417 2196 1576 2232 diminui
1593 2199 1704 2242 atque

198 2254 246 2288 ad
271 2254 534 2289 extinctionem
552 2255 649 2290 verti
674 2256 841 2300 oportere
867 2254 938 2289 nisi
957 2254 1083 2290 divina
1101 2254 1341 2290 Providentia
1358 2255 1578 2291 admirabile
1595 2256 1710 2300 quod.-

197 2313 281 2348 dam
311 2313 343 2349 ei
369 2314 626 2349 subministret
652 2314 844 2350 auxilium.

292 2372 333 2405 In
360 2372 521 2408 Dioecesi
547 2373 782 2419 Sangallensi
818 2373 950 2409 ultimo
984 2375 1176 2409 transacto
1210 2374 1346 2417 septem
1375 2384 1555 2408 annorum
1585 2372 1707 2417 spatio

198 2431 264 2464 530
291 2430 452 2474 amplius
478 2431 597 2467 mixta
632 2432 874 2468 matrimonia
907 2432 1004 2467 inita
1038 2433 1187 2467 fuerunt
1222 2432 1349 2476 utique
1383 2431 1616 2476 praescripta
1641 2431 1707 2466 Ec-

198 2488 327 2524 clesiae
353 2489 627 2534 dispensatione
653 2491 823 2536 provisa,
861 2492 922 2527 sed
956 2493 1102 2536 praeter
1135 2503 1178 2526 ea
1211 2503 1284 2526 non
1311 2489 1465 2535 exiguus
1492 2489 1613 2524 adhuc
1637 2501 1706 2524 nu-

196 2558 315 2581 merus
349 2548 531 2593 ejusmodi
569 2549 858 2591 connubiorum,
892 2560 987 2593 quae
1020 2549 1077 2584 vel
1111 2560 1232 2584 coram
1268 2548 1438 2584 ministro
1472 2547 1707 2584 Protestante

195 2605 399 2641 acatholico
426 2606 501 2641 ritu
527 2607 712 2642 celebrata
740 2608 850 2649 fuere,
878 2607 965 2651 qnia
992 2607 1250 2652 nupturientes
1274 2617 1341 2641 nec
1366 2605 1614 2652 praescriptas
1639 2607 1706 2642 Ec-

195 2664 325 2699 clesiae
351 2665 580 2701 conditiones
606 2666 770 2711 implere,
800 2678 864 2701 nec
891 2665 1188 2701 Ecclesiasticam
1214 2664 1524 2710 dispensationem
1551 2664 1621 2700 sibi
1646 2675 1705 2700 ac-

194 2721 339 2764 quirere
367 2723 554 2758 volebant.
605 2724 742 2760 Crescit
768 2736 853 2759 cum
880 2736 1031 2760 numero
1056 2725 1197 2759 malum
1215 2724 1347 2768 quode
1365 2722 1493 2757 mixtis
1510 2723 1704 2758 connubiis

191 2778 227 2812 iu
248 2780 542 2816 Ecclesiasticum
562 2783 727 2818 ordinem
757 2783 899 2828 copiose
928 2783 1108 2825 dimanat,
1135 2784 1173 2818 et
1198 2781 1348 2817 difficile
1372 2781 1483 2816 nimis
1509 2782 1564 2817 est
1589 2781 1702 2824 dictu,

191 2848 374 2880 quaenam
401 2840 448 2875 ad
473 2841 724 2876 cohibendum
751 2842 891 2877 malum
918 2853 1079 2887 congrue
1104 2841 1316 2877 adhibenda
1342 2840 1390 2875 sit
1417 2840 1577 2884 medela,
1614 2851 1703 2885 quo-
