1812 3088
185 73 268 114 310
821 70 856 104 N
858 69 1047 114 achtrage.

182 186 280 229 latis,
308 187 372 222 sed
398 198 441 222 ex
467 184 721 221 Orientalibus
747 196 901 229 quoque,
927 187 964 221 et
990 185 1154 221 omnium
1179 185 1395 232 linguarum
1411 187 1573 224 Orientis
1599 187 1690 224 viris

182 245 447 280 coalescentem
459 259 466 286 3

275 302 443 337 Alteram
468 314 534 347 pro
559 302 774 348 regionibus
799 302 1022 345 infidelium,
1058 315 1101 338 ex
1127 302 1315 348 Episcopis
1349 308 1416 340 aut
1440 305 1691 341 sacerdotibus

181 361 415 396 efformatam
440 361 503 404 qui
531 361 754 397 missionarii
780 362 928 403 suerint,
955 364 992 396 et
1017 373 1060 396 ex
1085 362 1332 407 Regularibus
1358 362 1421 407 qui
1446 363 1483 398 et
1507 362 1579 408 ipsi
1603 363 1691 400 mis—

180 418 344 454 sionibus
369 419 616 461 inservierint,
655 422 692 456 et
731 420 779 455 ad
817 419 938 455 varios
974 419 1129 455 Ordines
1167 420 1402 456 missionibus
1437 422 1690 458 incumbentes

180 478 463 523 pertinentibus.

276 537 353 579 Quo
377 537 475 572 enim
501 538 630 573 melius
655 550 711 574 res
731 538 948 574 missionum
972 538 1135 585 intelligi
1160 542 1197 574 et
1214 539 1372 574 tractari
1390 542 1549 585 possent,
1576 552 1689 585 quam

180 608 203 631 a
231 596 320 631 viris
349 596 413 641 qui
437 598 474 632 et
499 597 667 643 regiones
693 597 784 632 istas
809 597 1032 643 longinquas
1056 597 1300 640 incoluerint,
1338 599 1376 633 et
1401 599 1552 635 suismet
1575 599 1689 635 oculis

184 655 346 691 viderint
371 656 452 700 quis
479 656 527 691 sit
554 668 636 691 vere
661 667 783 692 rerum
810 657 922 700 atque
947 656 1139 691 hominum
1164 658 1283 691 status
1307 656 1347 691 in
1371 656 1429 691 his
1453 657 1650 702 partibus?

277 714 368 749 Cum
394 715 518 749 autem
556 715 671 750 totius
696 715 877 750 Ecclesiae
915 715 1074 760 episcopi
1099 715 1255 750 sollicite
1281 716 1431 759 curent,
1469 716 1527 751 vel
1563 727 1691 752 curare

181 773 350 815 debeant,
388 773 700 818 propagationem
726 773 921 818 Evangelii
950 794 993 798 —
1018 785 1063 809 ex
1097 774 1266 809 omnibus
1301 773 1437 820 quippe
1468 773 1692 809 dioecesibus

179 830 461 876 proficiscuntur
489 830 721 873 missionarii,
749 832 786 866 et
812 830 947 875 ubique
965 831 1069 876 viget
1087 831 1154 866 illa
1171 843 1360 876 nunquam
1389 831 1478 866 satis
1502 832 1692 867 laudanda

180 891 291 934 atque
316 890 512 926 dilatanda
537 890 713 925 sodalitas
740 890 968 935 Propagatio
994 889 1078 924 fidei
1104 892 1320 935 nuncupata
1346 912 1389 916 —
1414 890 1622 936 optandum
1638 889 1692 925 vi·

181 949 328 985 deretur
362 949 404 983 ut
428 948 626 992 quotannis
662 949 710 984 ad
736 960 861 989 omnes
898 948 1083 994 episcopos
1108 948 1329 994 dirigeretur
1354 948 1502 985 libellus
1528 948 1691 993 quidam,

182 1007 332 1053 publica
360 1007 626 1053 propagandae
651 1008 875 1043 auctoritate
903 1008 1082 1050 edendus,
1120 1007 1183 1052 qui
1208 1019 1267 1043 eos
1293 1008 1338 1044 de
1363 1019 1449 1043 vero
1475 1007 1691 1044 missionum

181 1066 445 1101 catholicorum
472 1068 572 1101 statu
597 1067 776 1102 edoceret.
826 1066 882 1101 Sic
908 1066 1006 1102 enim
1030 1068 1068 1102 et
1092 1066 1314 1101 sanctissimi
1332 1067 1444 1112 hujus
1469 1066 1589 1112 operis
1607 1078 1693 1112 pro-

183 1136 328 1169 gressus
354 1124 483 1159 melius
520 1125 567 1159 ab
592 1125 780 1169 Episcopis
817 1126 1073 1167 noscerentur,
1113 1126 1150 1160 et
1186 1124 1350 1170 ipsorum
1389 1125 1486 1160 zelus
1511 1125 1559 1160 ad
1585 1124 1692 1160 effor-

187 1183 341 1218 mandos
368 1184 405 1218 et
430 1183 663 1228 adjuvandos
687 1183 935 1219 missionarios
962 1183 1214 1218 vehementius
1239 1184 1510 1219 accenderetur.

277 1241 506 1285 Ubicumque
532 1242 680 1277 condita
707 1243 818 1286 atque
843 1242 1012 1277 stabilita
1034 1243 1115 1288 jam
1142 1242 1243 1288 viget
1269 1242 1452 1278 catholica
1469 1242 1691 1285 hierarchia,

183 1313 216 1334 v.
243 1312 277 1345 g.
304 1299 340 1334 in
367 1301 516 1346 Anglia,
543 1301 582 1335 in
609 1301 799 1343 America,
827 1302 864 1336 in
892 1301 1102 1343 Hollandia‚
1130 1301 1342 1337 nullomodo
1368 1300 1613 1336 necessarium
1638 1301 1693 1336 vi—

181 1359 329 1394 deretur
355 1369 481 1393 earum
506 1358 698 1405 regionum
731 1359 899 1395 ecclesias
924 1359 1209 1404 Congregationi
1244 1358 1511 1404 Propagandae
1547 1357 1690 1404 subjici,

183 1417 243 1452 sed
269 1429 391 1453 nonne
416 1418 539 1463 potius
564 1419 657 1454 esset
681 1430 740 1454 eas
766 1419 814 1453 ad
836 1418 932 1464 juris
957 1417 1161 1454 communis
1186 1418 1353 1463 regimen
1379 1416 1572 1452 revocari?

279 1475 378 1511 Haec
402 1478 527 1511 tamen
545 1476 682 1511 iterum
702 1478 790 1511 vota
815 1477 903 1511 dum
924 1477 1132 1512 reverenter
1150 1476 1400 1521 proponimus,
1425 1487 1468 1511 ea
1484 1474 1694 1521 plenissime

184 1534 218 1569 S.
244 1533 432 1569 Pontificis
454 1534 597 1579 judicio
622 1536 658 1569 et
684 1534 841 1570 arbitrio
856 1563 863 1577 ,
902 1548 925 1570 a
949 1547 1021 1579 quo
1054 1535 1136 1569 tota
1161 1546 1218 1570 res
1242 1534 1309 1569 illa
1334 1535 1490 1580 pendet,
1529 1533 1695 1579 subjecta

184 1593 363 1629 volumus.

673 1687 725 1722 De
750 1687 964 1722 reducendis
1000 1687 1204 1722 haereticis.

280 1756 465 1792 Haeretici
490 1757 638 1801 quidem
663 1757 701 1791 in
727 1757 805 1802 ipso
831 1757 982 1792 Concilii
1008 1757 1090 1791 sinu
1127 1757 1279 1792 admitti
1303 1758 1507 1801 nequeunt,
1545 1768 1587 1793 eo
1623 1757 1694 1792 fine

185 1816 228 1851 ut
253 1827 336 1850 cum
361 1815 434 1850 illis
463 1815 686 1850 deliberetur
713 1816 809 1851 circa
836 1817 1013 1861 dogmata
1034 1816 1116 1861 jam
1141 1816 1311 1857 definita;
1337 1817 1435 1861 quod
1459 1816 1555 1852 enim
1583 1815 1694 1852 semel

182 1874 220 1908 in
247 1873 406 1910 Ecclesia
424 1874 617 1910 definitum
643 1876 707 1916 est,
734 1875 847 1909 fixum
864 1877 1001 1917 manet,
1027 1876 1064 1909 et
1080 1874 1277 1910 retractari
1295 1874 1433 1919 nequit.
1483 1875 1560 1910 Nec
1580 1874 1694 1910 etiam

184 1932 334 1968 admitti
359 1933 508 1977 possent
540 1934 719 1977 tanquam
746 1933 898 1968 Concilii
934 1945 1039 1978 pars,
1078 1935 1115 1968 et
1155 1934 1197 1968 ut
1222 1944 1345 1969 vocem
1370 1933 1551 1969 haberent
1574 1932 1613 1967 in
1638 1932 1696 1968 his

185 2002 281 2034 quae
306 1990 552 2026 conciliariter
571 1990 812 2026 deliberanda
828 1992 937 2026 erunt
955 1993 991 2026 et
1015 1991 1232 2033 statuenda;
1258 1991 1360 2036 prius
1386 1991 1484 2027 enim
1500 1992 1556 2026 est
1579 2002 1692 2026 mem-

189 2050 294 2084 brum
322 2060 396 2083 esse
420 2049 610 2092 Ecclesiae,
645 2061 755 2093 quam
781 2061 855 2085 esse
881 2050 1086 2086 membrum
1111 2050 1274 2086 Concilii,

280 2108 348 2142 Sed
375 2119 493 2143 nonne
532 2108 691 2154 benigne
727 2110 764 2143 et
801 2108 996 2144 caritative
1029 2108 1214 2144 invitandi
1254 2110 1373 2144 essent
1407 2110 1470 2152 ut,
1510 2108 1696 2145 occasione

186 2165 349 2207 Concilii,
377 2166 531 2200 Romam
557 2167 735 2209 venirent,
762 2167 844 2209 ubi,
875 2179 957 2202 cum
983 2179 1126 2202 summa
1151 2167 1288 2213 recepti
1313 2167 1586 2210 benevolentia,
1621 2166 1696 2212 pri-

184 2223 304 2259 vatim
329 2225 491 2259 conferre
517 2227 664 2270 possent
688 2238 770 2260 cum
796 2226 910 2262 doctis
936 2226 1078 2271 piisque
1105 2226 1212 2268 viris,
1248 2227 1295 2262 ad
1319 2226 1358 2261 id
1383 2225 1590 2271 deputatis,
1632 2223 1695 2269 qui

185 2282 348 2327 ipsorum
373 2282 609 2318 difficultates
636 2283 807 2319 audirent
833 2286 871 2319 et
895 2285 1093 2329 explanare
1119 2285 1344 2326 niterentur-3
1380 2283 1578 2328 simulque,
1606 2295 1691 2319 con-

186 2340 334 2375 sociatis
359 2340 528 2383 consiliis,
556 2342 781 2389 tractaretur
808 2354 891 2377 cum
926 2343 999 2377 illis
1033 2343 1076 2378 de
1101 2342 1302 2388 aptissimis
1329 2342 1458 2378 mediis
1483 2341 1695 2377 removendi

186 2399 428 2443 separationis
454 2401 676 2444 praetextus,
703 2403 1029 2445 procurandaeque
1046 2401 1203 2443 unionis,
1231 2402 1273 2435 ut
1290 2412 1383 2445 quae
1401 2401 1448 2435 ad
1468 2400 1566 2435 hunc
1586 2400 1695 2435 finem

185 2457 424 2492 obtinendum
452 2458 605 2494 meliora
630 2459 709 2495 visa
734 2459 899 2501 fuissent,
927 2460 974 2495 ad
1000 2459 1201 2495 Concilium
1226 2459 1482 2494 referrentur?

280 2515 348 2549 Hic
374 2516 509 2561 agendi
536 2518 676 2559 modus.
714 2529 796 2552 cum
823 2529 885 2562 spe
910 2517 1037 2561 aliqua
1064 2517 1179 2552 felicis
1205 2516 1347 2558 exitus,
1388 2516 1556 2552 adhiberi
1592 2528 1696 2562 posse

185 2573 383 2615 videretur,
410 2574 449 2608 ni
474 2575 658 2617 fallamur,
697 2587 787 2621 erga
824 2577 889 2610 hos
915 2574 1132 2620 praesertim
1160 2574 1385 2619 anglicanos,
1424 2574 1487 2619 qui
1511 2575 1620 2610 fidem
1645 2574 1696 2609 ri-

184 2633 315 2676 tusque
340 2633 520 2668 Ecclesiae
540 2633 743 2669 catholicae
760 2633 964 2678 proximius
989 2634 1070 2679 jam
1090 2633 1290 2674 sectantur,
1317 2634 1353 2666 et
1372 2632 1545 2667 unionem
1566 2643 1696 2678 cupere

185 2692 407 2733 noscuntur;
433 2703 473 2727 eo
501 2692 618 2737 magis
645 2693 761 2736 quod,
788 2692 827 2727 in
854 2693 922 2728 hac
948 2691 1193 2728 conversionis
1218 2702 1345 2725 eorum
1378 2689 1630 2732 inchoatione,
1665 2691 1695 2725 si

185 2748 248 2792 qui
274 2750 360 2783 sunt
384 2749 421 2783 in
448 2749 522 2784 illis
548 2749 784 2795 antesignani
811 2751 958 2786 suaderi
994 2751 1030 2786 et
1055 2749 1180 2785 reduci
1205 2749 1371 2794 possent,
1406 2760 1479 2783 non
1500 2749 1581 2794 jam
1605 2760 1695 2794 pau-

187 2818 311 2843 corum
338 2807 540 2850 hominum,
568 2808 630 2843 sed
654 2807 871 2844 innumerae
897 2809 1006 2844 simul
1030 2806 1295 2849 multitudinis,
1321 2806 1463 2841 lucrum
1487 2806 1600 2842 fieret.
