1812 3088
634 94 889 131 Aktenstfioke
913 95 1030 130 XVI*.
1492 97 1545 137 32
1555 98 1578 137 3

84 211 187 247 niam
209 212 486 258 ingravescente
510 211 638 246 morbo
671 209 836 245 acerbius
869 220 984 253 aequo
1018 209 1167 254 aliquod
1202 209 1404 244 remedium
1428 207 1576 244 infirmo

83 269 191 304 facile
207 271 328 315 potest
342 269 497 304 mortem
514 278 663 313 parare:
690 266 931 302 defectionem
949 266 1070 301 dicam
1087 266 1288 302 multorum
1304 267 1578 303 Catholicorum

84 327 129 362 de
152 327 240 362 Fide
263 327 509 362 manifestam.
558 325 622 360 Nil
646 337 691 360 ex
716 327 822 370 parte
846 336 928 360 mea
957 326 1159 370 supersedi,
1193 338 1264 370 quo
1289 328 1429 362 malum
1464 330 1502 364 et
1535 340 1579 363 ex

83 397 125 422 eo
151 385 339 421 nascitura
358 384 520 430 pericula
545 394 709 425 arceam,
735 382 895 417 Litteras
912 383 1128 427 pastorales,
1156 385 1446 429 commonitoria,
1473 397 1578 421 man-

84 443 173 479 data
198 454 457 488 saepenumero
475 442 522 476 ad
539 441 693 483 clerum,
720 441 967 485 populumque
993 441 1119 484 direxi,
1146 443 1188 476 ut
1205 443 1323 479 mixta
1340 443 1577 479 matrimonia

83 502 417 545 quomodocumque
442 499 630 535 cohibeam
654 501 691 533 et
706 498 745 532 in
763 498 915 533 solemni
932 499 1076 535 decreto
1092 500 1369 545 matrimoniali,
1396 501 1579 537 dominica

81 559 203 604 prima
227 559 394 595 Januarii
416 556 615 601 quotannis
639 556 677 590 in
702 556 856 601 singulis
881 557 1153 601 parochialibus
1173 559 1340 594 Ecclesiis
1365 571 1387 595 a
1410 559 1578 605 parochis

80 629 125 652 ex
151 618 306 653 ambone
321 615 567 661 praelegendo
592 615 722 649 contra
746 614 906 650 ineunda
929 615 1166 651 matrimonia
1184 617 1303 653 mixta
1330 630 1510 663 congruas
1536 628 1578 653 ac

82 687 224 712 severas
248 674 514 712 admonitiones
547 672 644 707 edidi
678 673 871 708 ostendens
903 674 1066 718 pericula
1089 686 1182 718 quae
1216 675 1346 711 exinde
1373 676 1577 717 animabus,

81 733 309 780 conjugibus,
336 731 559 775 familiisque
584 742 709 766 eorum
734 733 946 767 nascuntur.
997 733 1180 769 Parochos
1197 745 1339 778 quoque
1358 734 1577 770 adhortatus

82 804 172 834 sum,
197 793 240 826 ut
264 791 388 826 sedulo
412 789 610 834 invigilent
635 802 741 834 super
766 790 918 825 familiis
945 792 1055 835 atque
1081 792 1362 827 adolescentium
1388 792 1578 837 utriusque

81 861 186 885 sexus
213 847 490 890 consuetudine,
526 859 570 883 ne
596 848 748 883 levitate
773 849 887 884 animi
912 850 970 885 vel
995 850 1204 885 seductione
1227 851 1326 895 capti
1351 851 1469 886 mixta
1494 863 1578 886 con—

81 906 196 942 nubia
218 906 356 942 ineant.
405 906 550 941 Interea
574 906 663 941 folia
688 906 978 951 dispensationis,
1014 909 1056 942 ut
1081 911 1359 953 nuncupantur,
1395 921 1529 952 vacua,
1556 921 1579 944 a

80 964 310 1000 Nuntiatura
334 963 438 999 nobis
471 964 631 999 retracta
663 963 833 1006 fuerunt,
872 977 1007 1009 nosque
1045 966 1160 1001 coacti
1194 967 1346 1012 singulis
1373 967 1513 1002 vicibus
1543 968 1579 1002 et

81 1022 223 1058 casibus
255 1034 322 1067 pro
357 1022 691 1066 dispensationibus
725 1023 772 1057 ad
797 1023 1065 1059 Nuntiaturam
1093 1024 1359 1060 Lucernensem
1382 1036 1577 1067 recurrere,

82 1082 179 1126 quod
205 1080 309 1116 nobis
337 1080 486 1124 quidem
510 1080 672 1115 laborem
701 1080 823 1123 auxit,
857 1093 1051 1116 numerum
1079 1084 1202 1118 autem
1227 1083 1424 1118 mixtorum
1452 1083 1579 1119 matri-

82 1139 288 1175 moniorum
312 1149 548 1182 nequaquam
573 1138 721 1172 minuit.
761 1139 894 1174 Omnia
907 1138 1024 1184 igitur
1044 1151 1136 1184 quae
1155 1142 1201 1176 ad
1219 1142 1456 1176 coercendum
1470 1142 1579 1176 hocce

80 1198 218 1233 malum
244 1196 450 1241 usquedum
475 1196 720 1239 tentavimus,
757 1197 815 1232 vel
848 1197 982 1242 exigua
1007 1198 1112 1244 fruge
1139 1200 1196 1234 vel
1220 1212 1370 1244 prorsus
1394 1200 1578 1235 incassum

79 1257 227 1292 tentata
251 1256 365 1291 fuere.
414 1255 517 1297 Quod
542 1266 583 1290 eo
608 1255 728 1300 magis
745 1255 1013 1300 deplorandum
1037 1268 1108 1300 quo
1134 1257 1265 1301 certior
1282 1258 1450 1302 idemque
1474 1259 1578 1294 fune-

80 1314 170 1350 stior
194 1326 260 1360 pro
278 1313 439 1349 Ecclesia
467 1313 648 1348 catholica
671 1313 711 1348 in
735 1313 816 1348 istis
840 1314 1051 1359 regionibus
1075 1315 1117 1350 fit
1134 1327 1257 1351 rerum
1275 1316 1406 1352 exitus.
1446 1317 1579 1352 Omnia

79 1385 238 1418 namque
262 1385 327 1418 per
342 1372 544 1407 mixtorum
570 1371 835 1408 connubiorum
860 1374 1189 1409 accumulationem
1206 1375 1430 1418 pedetentim
1457 1374 1495 1409 in
1521 1386 1576 1409 ec-

80 1431 279 1467 clesiastico
305 1430 431 1466 ordine
459 1441 590 1474 susque
609 1430 723 1474 deque
743 1432 950 1474 vertuntur,
979 1432 1141 1467 exoritur
1165 1433 1358 1468 hominum
1376 1433 1574 1479 generatio,

79 1489 143 1533 qui
167 1500 234 1524 nec
261 1488 432 1524 catholici
457 1500 524 1523 nec
547 1490 793 1533 protestantes
818 1490 903 1523 sunt
927 1500 993 1524 nec
1017 1490 1133 1525 ullam
1150 1490 1380 1536 Religionem
1404 1492 1576 1536 profiten-

78 1549 158 1590 tur,
195 1547 292 1591 perit
325 1547 364 1581 in
390 1546 586 1582 Catholicis
621 1558 702 1581 cum
736 1547 805 1582 fide
839 1547 1019 1583 catholica
1044 1548 1160 1583 omnis
1189 1549 1306 1594 pietas
1331 1550 1367 1583 et
1391 1549 1514 1585 filialis
1538 1549 1577 1584 in

79 1606 237 1641 matrem
261 1605 457 1642 Ecclesiam
491 1616 614 1647 amor,
650 1605 816 1649 quinimo
847 1606 887 1640 in
921 1607 1128 1651 oppositum
1162 1607 1185 1641 i.
1211 1619 1229 1642 e
1270 1606 1309 1642 in
1345 1607 1470 1643 odium
1496 1619 1577 1653 per-

79 1663 248 1699 vertitur.

808 1758 854 1792 II.

491 1828 634 1864 Genera
660 1828 861 1864 mixtorum
886 1828 1162 1863 connubiorum.

173 1897 257 1933 Jam
273 1909 359 1932 vero
382 1896 592 1932 intueamur
610 1898 755 1941 oportet
773 1897 917 1933 diversa
934 1897 1256 1933 matrimoniorum
1274 1899 1408 1935 horum
1426 1910 1573 1944 genera,

79 1966 150 1999 quo
175 1955 319 1991 facilius
345 1956 527 1999 quaedam
554 1956 715 1991 remedia
740 1957 869 1991 contra
892 1956 1033 1990 malum
1059 1956 1219 1992 statuere
1245 1957 1348 1992 nobis
1374 1957 1577 2003 contingat.

173 2015 204 2048 1.
230 2013 508 2049 Concluduntur
526 2014 625 2058 apud
642 2026 707 2049 nos
733 2014 831 2058 (raro
847 2008 973 2049 tamen
991 2014 1168 2059 exemplo)
1195 2015 1311 2050 mixta
1328 2015 1575 2058 matrimonia,

79 2083 235 2116 quorum
260 2084 335 2107 una
359 2072 522 2107 alterave
548 2072 746 2117 conjugum
777 2084 863 2117 pars
896 2071 1158 2116 impedimento
1184 2072 1373 2118 ligaminis
1399 2073 1578 2109 obstricta

79 2132 143 2173 est,
171 2130 246 2166 sive
272 2130 328 2164 vir
354 2129 580 2164 acatholicus
606 2130 752 2165 vivente
780 2130 900 2165 adhuc
934 2142 1000 2164 sua
1032 2142 1143 2165 uxore
1175 2142 1257 2165 cum
1290 2131 1365 2167 alia
1397 2131 1577 2167 catholica

78 2189 194 2223 libera
218 2187 495 2224 matrimonium
519 2188 576 2222 vel
603 2187 726 2232 potius
753 2186 1038 2223 concubinatum
1063 2188 1312 2223 adulterinum
1344 2188 1464 2231 ineat,
1502 2189 1577 2224 sive

77 2246 208 2281 mulier
234 2245 456 2287 acatholica,
494 2246 687 2290 superstite
722 2247 842 2281 adhuc
867 2258 930 2281 suo
954 2246 1072 2290 primo
1097 2246 1250 2290 marito,
1286 2248 1364 2283 viro
1398 2248 1576 2284 catholico

80 2305 258 2350 nupserit.
308 2304 495 2350 Ejusmodi
529 2305 701 2350 conjuges
736 2316 857 2340 coram
890 2304 1061 2339 ministro
1088 2305 1291 2341 acatholico
1324 2306 1497 2341 adulterii
1522 2306 1578 2340 sui

80 2362 544 2410 consortium‘plerumque
567 2361 706 2403 ineunt,
732 2361 770 2396 in
786 2360 871 2406 jugi
889 2361 1069 2396 adulterio
1088 2362 1316 2404 cohabitant,
1343 2363 1477 2399 liberos
1495 2375 1577 2399 suos

77 2421 135 2456 vel
160 2421 236 2456 sine
260 2420 437 2466 religione
463 2421 520 2455 vel
546 2420 585 2454 in
603 2419 905 2465 protestantismo
933 2419 1101 2454 educant.
1151 2420 1245 2462 Quid
1263 2421 1310 2456 ad
1336 2421 1576 2466 comprimen-

78 2479 166 2513 dum
191 2479 404 2514 scandalum
429 2480 558 2514 contra
583 2478 803 2514 catholicam
835 2478 1013 2523 ejusmodi
1050 2479 1307 2523 conjugiorum
1332 2483 1476 2524 partem
1502 2480 1577 2515 sive

81 2537 138 2571 vir
165 2536 241 2572 sive
266 2536 397 2572 mulier
423 2537 471 2571 sit
495 2536 666 2572 catholici
700 2536 874 2578 nominis,
912 2536 1167 2572 Ecclesiastica
1202 2537 1422 2573 auctoritate
1457 2538 1578 2573 decer-

77 2594 238 2629 nendum
263 2597 300 2630 et
316 2596 595 2639 exequendum?
646 2596 739 2630 Sane
758 2594 927 2630 solemnis
944 2595 1331 2630 excommunicationis
1349 2607 1466 2640 poena
1482 2597 1577 2642 ejus·

80 2652 179 2687 modi
204 2653 376 2698 conjuges
402 2654 573 2689 catholici
598 2653 804 2689 mulctandi
830 2654 925 2688 sunt.
976 2654 1044 2689 Sed
1070 2653 1213 2689 diversa
1238 2654 1291 2687 est
1315 2654 1575 2699 Episcoporum

81 2709 120 2743 in
145 2721 186 2745 eo
211 2710 346 2755 praxis,
375 2712 411 2746 et
436 2712 672 2748 uniformitas
691 2712 827 2757 agendi
844 2724 1020 2756 perquam
1036 2712 1238 2748 necessaria
1254 2713 1356 2754 esset,
1385 2713 1426 2746 ut
1451 2714 1579 2748 contra

78 2769 309 2804 contumaces
334 2770 421 2804 ordo
447 2770 626 2805 Ecclesiae
653 2771 793 2806 servari
818 2770 946 2816 possit.

172 2826 204 2861 2,
231 2827 323 2862 Sunt
349 2827 462 2863 etiam
489 2827 665 2863 catholici
689 2828 812 2873 sponsi
837 2827 1027 2873 utriusque
1061 2838 1182 2869 sexus,
1218 2827 1281 2871 qui
1305 2826 1424 2862 mixta
1449 2828 1576 2863 matri-

1222 2886 1297 2918 *21*
