1812 3088
645 85 895 123 Aktenstiicke
920 87 982 122 X*.
1481 95 1564 137 281-

4 212 20 225 ¹
65 202 223 245 clesiam‚
262 203 414 248 perinde
439 213 481 237 ac
505 202 535 238 si
558 201 740 247 primatus
762 203 1046 248 jurisdictionis,
1088 216 1149 242 ceu
1179 206 1399 243 »Potestatis
1423 207 1561 253 princi-

65 262 208 307 patus«,
235 262 278 296 ut
301 260 462 305 loquitur
487 260 691 296 Concilium
715 261 886 296 Lateran.
911 262 984 304 IV.‚
1011 263 1058 298 ab
1076 264 1157 309 ipsa
1184 276 1353 310 suprema
1378 266 1562 310 potestate

64 318 245 365 distingui
274 319 412 355 valeret
427 319 463 364 ¹),
492 320 689 354 anathema
715 317 772 353 sit.

159 379 191 413 4.
219 379 256 413 81
281 378 361 423 quis
386 378 522 414 dixerit
541 379 637 413 hanc
662 389 867 423 supremam
892 382 1116 424 potestatem
1141 382 1179 417 in
1199 382 1365 417 Romano
1386 382 1562 418 Pontifice

65 447 138 471 non
161 448 234 472 esse
257 437 414 482 plenam,
441 438 483 471 ut
506 446 587 471 eam
612 437 719 471 vocat
743 436 944 471 Concilium
963 438 1226 483 Florentinum,
1254 441 1316 476 sed
1332 440 1462 486 ipsam,
1487 451 1562 484 qua

67 506 237 540 suprema
261 496 332 537 est,
369 493 571 529 DIVISAM
607 504 682 528 esse
715 493 810 528 inter
837 494 1025 530 Summum
1051 496 1264 533 Pontificem
1296 499 1333 534 et
1357 497 1563 544 Episcopoa

64 552 172 596 quasi
196 551 364 597 Episcopi
400 551 438 585 in
476 552 619 596 partem
655 550 910 587 sollicitudinis
936 555 1077 596 vocati,
1117 567 1179 591 ceu
1217 569 1239 592 a
1265 557 1404 602 Spiritu
1430 557 1564 592 Sancto

63 611 172 657 positi
197 611 244 647 ad
267 609 466 645 Ecclesiam
495 609 562 644 Dei
598 609 797 645 docendam
827 613 864 645 et
890 613 1087 657 regendam
1113 615 1179 649 sub
1203 615 1310 650 unico
1335 615 1482 650 Summo
1506 616 1561 650 to-

63 669 137 704 tius
162 669 268 704 ovilis
293 669 458 709 Pastore,
498 667 609 702 etiam
636 667 815 703 divinitus
854 670 975 704 vocati
1004 671 1141 706 fuerint
1166 673 1213 707 ad
1237 671 1562 717 participationem

63 727 246 772 primatus
264 737 324 761 seu
345 736 534 770 supremae
544 725 740 770 potestatis
756 727 871 761 totius
889 728 1068 764 Ecclesiae
1087 729 1226 774 capitis,
1246 731 1446 765 anathema
1464 729 1512 765 sit
1524 730 1562 774 2).

154 786 186 819 5.
213 783 251 819 81
271 783 352 828 quis
377 782 511 818 dixerit
536 795 743 828 supremam
768 785 991 828 potestatem
1015 786 1055 820 in
1082 787 1240 822 Ecclesia
1266 799 1288 823 a
1305 787 1448 823 Christo
1477 799 1560 823 con—

64 842 234 878 stitutam
258 854 331 878 non
356 840 511 877 residere
547 841 583 875 in
611 841 725 877 totius
751 843 933 879 Ecclesiae
957 844 1093 889 capite,
1128 847 1188 881 sed
1213 846 1252 880 in
1276 858 1414 891 magna
1438 846 1562 891 plura—

62 900 168 936 litate
191 899 450 945 Episcoporum
467 900 503 943 ³),
541 900 647 943 quasi
682 912 754 935 non
792 901 858 937 soli
884 902 992 938 Petro
1027 902 1162 938 dixerit
1187 903 1382 939 Dominus:
1424 905 1498 938 »Tu
1524 915 1561 939 es

62 959 215 1001 Petrus,
255 960 292 993 et
318 969 425 1003 super
451 958 546 993 hanc
569 960 713 1003 petram
739 959 936 995 aedificabo
962 961 1159 997 Ecclesiam
1185 973 1324 1003 meam,
1362 963 1398 997 et
1432 963 1561 1007 portae

61 1017 170 1053 inferi
195 1029 267 1053 non
294 1017 559 1061 praevalebunt
585 1017 757 1053 adversus
783 1029 873 1060 eam,
912 1021 948 1054 et
973 1019 1043 1054 tibi
1069 1020 1164 1055 dabo
1191 1021 1311 1055 claves
1345 1019 1451 1066 regni
1476 1020 1560 1056 Coe-

64 1076 215 1118 lomm«,
240 1075 438 1110 anathema
464 1074 522 1110 sit.

158 1135 190 1169 6.
216 1133 253 1169 Si
278 1133 359 1178 quis
384 1132 519 1168 dixerit
546 1136 675 1169 contra
699 1135 958 1179 professionem
991 1136 1074 1172 fidei
1100 1148 1122 1172 a
1147 1137 1307 1173 Concilio
1332 1138 1562 1174 oecumenico

62 1191 217 1227 secundo
253 1191 489 1236 Lugdunensi
525 1193 753 1236 acceptatam
791 1195 828 1228 et
864 1195 1144 1238 confirmatam,
1183 1196 1340 1232 Romani
1376 1195 1562 1232 Pontificis

62 1249 278 1286 Successoris
303 1251 343 1284 B.
370 1250 470 1285 Petri
494 1250 670 1295 principis
696 1253 956 1297 Apostolorum
986 1253 1127 1299 judicio
1159 1254 1303 1289 definiri
1327 1266 1401 1290 non
1429 1254 1560 1290 debere

61 1307 291 1353 quaestiones
315 1308 359 1343 de
383 1308 464 1350 fide,
490 1308 520 1343 si
545 1320 637 1353 quae
662 1309 832 1346 subortae
857 1311 1012 1353 fuerint;
1051 1312 1240 1356 eidemque
1274 1312 1414 1358 judicio
1439 1323 1561 1348 omnes

59 1366 236 1403 Ecclesias
260 1369 334 1402 non
359 1378 433 1402 esse
457 1367 640 1413 subjectas
674 1369 732 1403 vel
756 1369 922 1413 ipsarum
953 1371 1136 1414 praelatos
1165 1371 1408 1406 obedientiam
1435 1381 1478 1406 ac
1502 1382 1558 1406 re-

62 1425 266 1461 verentiam
290 1425 347 1460 illi
371 1425 458 1460 dare
483 1437 555 1462 non
584 1426 724 1469 debere,
751 1428 951 1463 anathema
976 1427 1034 1463 sit.

157 1486 189 1519 7.
215 1483 255 1518 81
293 1483 374 1527 quis
411 1481 547 1519 dixerit
585 1496 792 1530 supremam
825 1497 867 1520 ac
898 1486 1046 1531 plenam
1071 1488 1210 1522 Summi
1235 1486 1420 1522 Pontificis
1459 1488 1561 1531 pote-

62 1544 197 1578 statem
220 1542 392 1587 pascendi
418 1553 479 1577 seu
517 1543 667 1579 docendi
693 1543 935 1579 universalem
960 1545 1158 1581 Ecclesiam
1197 1557 1269 1580 non
1301 1556 1375 1580 esse
1411 1545 1559 1590 plenam

61 1612 103 1637 ac
127 1612 335 1645 supremam
361 1600 399 1635 in
433 1601 646 1637 definiendis
672 1602 945 1646 quaestionibus
979 1604 1062 1639 fidei
1088 1606 1123 1640 et
1148 1616 1314 1646 morum,
1351 1604 1406 1639 ita
1430 1605 1472 1638 ut
1497 1615 1561 1648 ap-

61 1659 192 1703 pellari
216 1659 326 1694 liceat
361 1671 383 1694 a
416 1659 566 1704 judiciis
591 1660 808 1706 dogmaticis
835 1662 995 1707 supremi
1020 1662 1199 1697 Ecclesiae
1235 1661 1365 1707 capitis
1390 1663 1438 1697 ad
1460 1661 1559 1707 judi-

64 1717 160 1753 cium
184 1717 445 1762 episcoporum,
473 1717 548 1754 sive
572 1718 827 1764 dispersorum,
857 1720 931 1756 sive
957 1720 1256 1763 coadunatorum,
1283 1721 1482 1756 anathema
1500 1719 1558 1754 sit.

156 1777 188 1811 8.
214 1776 251 1811 Si
287 1776 368 1820 quis
404 1776 536 1812 dixerit
569 1777 710 1822 judicia
746 1791 812 1823 pro
849 1779 1046 1814 sancienda
1071 1779 1199 1825 regula
1236 1778 1319 1813 fidei
1356 1789 1378 1813 a
1403 1777 1561 1813 Summis

67 1835 304 1870 Pontificibus
328 1835 429 1876 lata,
469 1835 542 1871 sive
568 1836 726 1882 episcopi
752 1849 858 1882 super
884 1838 940 1872 his
966 1838 1185 1874 sententiam
1224 1848 1328 1872 suam
1363 1837 1559 1880 exponant,

65 1892 140 1928 sive
165 1893 360 1935 omittant,
396 1893 523 1929 divina
548 1905 590 1929 ac
616 1907 758 1930 summa
783 1908 847 1940 per
873 1896 1082 1932 universam
1107 1895 1303 1931 Ecclesiam
1335 1893 1557 1929 auctoritate

61 1961 136 1986 non
159 1950 248 1993 niti,
281 1951 339 1986 cui
365 1951 564 1987 Christiani
589 1964 713 1989 omnes
738 1965 782 1988 ex
810 1954 945 1996 officio,
982 1954 1096 1999 ipsius
1121 1965 1263 1998 quoque
1287 1952 1422 1988 mentis
1456 1952 1556 1987 obse-

61 2009 189 2054 quium
213 2010 403 2053 praestare
428 2010 600 2045 tenentur
614 2010 652 2055 ⁴),
681 2011 880 2047 anathema
904 2011 964 2046 sit.

154 2069 186 2102 9.
213 2068 249 2103 81
283 2068 363 2112 quis
396 2068 529 2103 dixerit
555 2069 676 2104 Jesum
702 2070 887 2104 Christum
921 2082 994 2105 non
1029 2069 1201 2104 fundasse
1229 2067 1425 2104 Ecclesiam
1452 2078 1555 2102 suam

62 2138 168 2172 super
204 2126 374 2166 Petrum,
414 2138 477 2161 nec
513 2127 599 2162 huic
635 2128 774 2163 dedisse
819 2129 937 2164 claves
971 2128 1077 2175 regni
1113 2128 1293 2164 coelorum
1331 2127 1439 2162 simul
1477 2137 1559 2161 cum

63 2184 334 2219 infallibilitate
370 2184 407 2218 in
445 2185 553 2220 rebus
585 2186 685 2228 fidei,
733 2198 843 2230 quam
881 2186 1188 2222 infallibilitatem
1225 2186 1263 2220 in
1298 2184 1560 2221 successoribus

158 2371 182 2410 ¹)
207 2375 359 2409 Meinre
387 2376 513 2411 sonum,
541 2378 600 2404 etc.
625 2378 662 2404 ut
688 2383 794 2415 supra.

159 2417 186 2463 ¹²)
210 2421 293 2451 Ibid.
320 2424 430 2451 contra
457 2424 538 2451 sent.
578 2422 606 2450 d.
633 2422 793 2451 Thomae:
838 2422 946 2461 »Papa
983 2421 1082 2451 habet
1106 2422 1338 2462 plenitudinem
1363 2422 1559 2453 Pontificalis

66 2469 252 2505 Petamus,
278 2468 371 2507 quasi
395 2467 464 2498 Rex
488 2469 521 2497 in
547 2474 664 2506 regno;
698 2469 753 2498 sed
787 2469 935 2508 Episcopi
960 2471 1166 2498 assumuntur
1190 2469 1220 2498 in
1255 2471 1381 2508 partem
1407 2471 1560 2500 sollicitu-

69 2517 162 2551 dinis,
187 2515 280 2555 quasi
304 2515 434 2544 Judices
461 2516 593 2553 singulis
619 2515 803 2544 civitatibus
821 2516 1030 2555 praepositi«.
1079 2513 1122 2550 (S.
1142 2515 1279 2545 Thomas
1305 2525 1336 2555 q.
1355 2516 1409 2544 26.
1436 2520 1496 2547 art.
1517 2516 1561 2551 3.)

158 2558 183 2598 3)
207 2562 358 2591 Μὲωο116
385 2563 511 2598 soumis,
539 2564 598 2591 etc.

159 2603 184 2644 ¹²)
212 2608 314 2637 Juxta
350 2608 431 2638 haec
468 2608 567 2637 verba
606 2608 688 2637 Cleri
725 2607 876 2651 galulicani
912 2608 951 2637 ad
990 2608 1212 2638 Innocentium
1241 2609 1287 2637 X:
1331 2608 1478 2639 »Judicia
1502 2619 1559 2649 pro

21 2657 27 2662 ·
64 2654 235 2684 sancienda
259 2654 372 2691 regula
409 2655 483 2684 fidei
507 2664 526 2683 a
551 2654 686 2683 Summis
712 2653 918 2683 Pontificibus
955 2655 1025 2684 lata
1062 2663 1158 2693 super
1191 2656 1410 2694 episcoporum
1436 2658 1559 2686 consul-

63 2701 185 2730 tatione
211 2698 290 2737 (sive
317 2708 407 2729 suam
431 2701 463 2730 in
489 2702 569 2730 actis
596 2701 763 2729 relationis
791 2701 984 2730 sententiam
1009 2704 1149 2741 ponant,
1179 2702 1244 2730 sive
1272 2702 1439 2738 omittant,
1465 2706 1560 2742 prout

63 2747 126 2776 illis
151 2744 343 2783 collibuerit)
368 2747 477 2776 divina
501 2757 604 2786 aeque
631 2756 668 2776 ac
694 2755 817 2775 summa
855 2755 910 2785 per
945 2748 1128 2777 universam
1153 2748 1328 2777 Ecclesiam
1366 2749 1558 2778 auctoritate

63 2793 132 2829 niti,
158 2794 210 2822 cui
235 2793 409 2823 Christiani
434 2803 542 2824 omnes
569 2803 608 2822 ex
635 2793 737 2823 officio
765 2792 864 2831 ipsius
889 2802 1014 2833 quoque
1039 2795 1154 2824 mentis
1180 2794 1370 2834 obsequium
1393 2797 1559 2834 praestare

65 2840 244 2869 tenentum
