1812 3088
631 86 883 122 Aktenstiicke
907 87 1024 122 ΧΙΙΙ*.
1491 91 1572 131 309

80 203 194 246 acti03
231 204 269 239 et
305 214 360 239 res
397 202 546 246 quaevis
584 201 715 237 clarius
752 201 923 237 videntur
959 203 996 237 et
1031 201 1155 248 aptius
1181 204 1344 248 aguntur
1369 203 1417 238 ab
1441 201 1486 238 iis
1512 203 1576 246 qui

79 274 194 308 prope
218 263 314 305 sunt,
341 260 536 305 omniaque
561 260 628 295 sub
653 271 766 295 manu
791 260 943 295 habent.

198 356 251 391 De
276 353 516 390 schismaticis
542 352 683 398 graecis
708 353 755 387 ad
779 352 963 388 imitatem
987 353 1167 389 Ecclesiae
1192 353 1459 399 recolligendis.

175 425 234 460 Ad
258 425 481 460 Graecorum
505 421 820 457 schismaticorum
861 422 1142 464 conversionem,
1181 444 1224 448 —
1259 424 1339 458 tam
1375 423 1577 468 optabilem

81 484 218 528 utique,
244 482 372 527 utpote
391 481 454 525 qui
471 493 557 526 pars
574 493 712 527 magna
728 481 1012 516 christianitatis
1036 483 1131 523 sunt,
1158 482 1368 517 veneranda
1389 483 1446 518 tot
1465 483 1576 518 Sanc-

79 543 203 578 torum
227 541 382 576 Patrum
407 541 444 575 et
468 541 665 576 Doctorum
688 539 862 585 prosapia
887 539 1093 581 nobilitati,
1119 541 1156 575 et
1181 541 1306 582 fidem,
1332 541 1575 582 sacramenta,

81 601 226 635 sanctos
251 599 355 640 ritus,
382 597 693 642 christianamque
717 597 969 642 disciplinam,
1001 598 1076 633 fere
1107 598 1147 632 in
1179 598 1325 644 integro
1359 599 1479 633 adhuc
1504 610 1576 633 ser-

83 659 223 700 vantes,
248 678 292 683 -
316 657 416 698 haec,
442 658 622 700 tanquam
645 656 832 701 praecipui
865 657 902 692 et
934 656 1087 691 maximi
1112 656 1307 699 momenti,
1344 657 1576 692 sacrosancto

84 715 244 751 Concilio
269 715 506 760 proponenda
530 714 635 750 nobis
668 714 747 749 visa
771 716 875 749 sunt:

176 773 212 807 1⁰
237 772 370 807 Nullae
395 784 512 807 novae
537 772 732 807 ederentur
758 771 974 817 dogmatum
993 772 1230 815 definitiones,
1255 785 1300 808 ex
1324 772 1456 816 quibus
1473 784 1578 818 prae-

80 829 230 866 videndi
256 831 355 865 locus
379 831 470 865 esset
494 842 600 872 nova,
626 830 882 874 prioribusque
920 832 1081 876 majora,
1120 831 1263 875 unioni,
1301 832 1491 868 obstacula
1523 831 1578 866 af-

81 888 243 924 ferenda.

175 948 212 981 2⁰
238 945 541 982 Permitterentur
566 946 812 982 Orientalibus
845 947 939 981 ritus
977 947 1053 989 sui,
1092 949 1362 993 prudenterque
1398 948 1578 984 vitaretur

84 1005 261 1050 quidquid
299 1005 432 1040 falsam
468 1005 738 1050 persuasionem
775 1006 831 1041 vel
858 1006 1097 1050 suspicionem
1133 1007 1221 1051 ipsis
1257 1007 1423 1052 ingerere
1458 1007 1579 1052 posset

88 1064 196 1108 quod,
223 1063 253 1098 si
277 1063 465 1105 uniantur,
497 1065 544 1099 ad
569 1065 840 1109 amplectendos
865 1064 1001 1100 latinos
1026 1065 1119 1100 ritus
1144 1066 1354 1111 adigentur.

179 1122 218 1156 3⁰
242 1121 346 1163 Item,
381 1121 421 1155 in
457 1121 620 1166 ipsorum
657 1121 852 1166 disciplina
875 1123 1123 1158 tolerarentur
1160 1122 1284 1158 onmia
1316 1133 1410 1167 quae
1443 1122 1580 1165 absque

84 1179 295 1215 divinarum
319 1180 550 1215 sanctionum
586 1180 745 1216 laesione
783 1181 936 1216 tolerari
968 1182 1138 1226 possunt;
1174 1180 1333 1216 maxime
1367 1180 1489 1224 quoad
1514 1191 1580 1215 an-

79 1238 185 1282 tiqua
209 1237 406 1283 privilegia
432 1238 737 1273 Patriaroharum
762 1239 798 1274 et
823 1240 1202 1284 metropolitanorum,
1230 1241 1266 1275 et
1289 1240 1411 1284 quoad
1435 1239 1581 1285 Episco-

81 1309 211 1342 porum
236 1296 462 1338 electionem,
489 1297 804 1334 confirmationem
828 1300 865 1334 et
886 1299 985 1344 jura.

175 1355 214 1389 4⁰
239 1354 276 1390 Si
301 1355 389 1399 quid
414 1355 668 1400 corrigendum
691 1358 790 1401 apud
814 1357 911 1402 ipsos
936 1357 1126 1399 videatur,
1160 1357 1256 1400 quod
1280 1358 1406 1392 tamen
1440 1354 1581 1390 differri

83 1413 209 1459 possit,
235 1414 435 1459 prudenter
458 1415 659 1457 taceretur,
696 1427 770 1450 non
796 1417 1021 1451 attendendo
1054 1414 1401 1460 impraesentiarum
1434 1413 1507 1448 nisi
1532 1412 1580 1448 ad

85 1484 265 1506 summam
291 1483 379 1515 rem,
405 1473 575 1509 unionem
601 1473 782 1516 videlicet,
808 1476 844 1509 et
861 1475 1014 1509 fidenter
1038 1474 1077 1508 in
1095 1473 1251 1509 Domino
1270 1472 1451 1518 sperando
1469 1472 1577 1516 quod,

82 1531 280 1575 postquam
304 1529 402 1565 uniti
426 1531 575 1573 fuerint,
600 1531 781 1567 charitate
806 1532 961 1568 unitatis
993 1534 1029 1568 et
1051 1532 1188 1567 lumine
1208 1531 1379 1567 veritatis
1400 1543 1441 1566 eo
1466 1530 1581 1566 addu-

86 1589 226 1631 centur,
246 1590 288 1624 ut
308 1591 436 1634 sponte
456 1601 703 1634 quaecumque
719 1591 973 1627 emendatione
991 1591 1105 1636 digna
1121 1590 1271 1632 fuerint,
1290 1589 1360 1634 ipsi
1378 1589 1583 1624 emendent.

179 1649 218 1682 5⁰
243 1647 332 1682 Cum
356 1647 566 1692 ignorantia
596 1661 670 1685 una
694 1649 742 1684 sit
767 1661 785 1684 e
810 1650 1018 1695 praecipuis
1050 1649 1167 1685 causis
1200 1661 1264 1694 per
1289 1661 1380 1693 quas
1405 1648 1444 1682 in
1470 1646 1582 1682 schis-

85 1707 184 1741 mate
206 1706 411 1741 retinentur
435 1707 470 1740 et
496 1707 750 1750 obdurescunt,
777 1708 868 1743 nihil
888 1708 1138 1754 negligeretur
1163 1708 1206 1742 ut
1231 1706 1318 1751 ipsis
1336 1717 1443 1741 verae
1468 1705 1582 1740 scien-

85 1763 161 1800 tiae
186 1764 386 1800 oatholicae
411 1765 533 1799 lumen
559 1765 756 1810 affulgeat:
796 1767 844 1802 ad
869 1767 965 1810 quod
992 1767 1151 1801 multum
1175 1765 1386 1807 inserviret,
1419 1763 1449 1798 si
1473 1763 1513 1798 in
1538 1763 1583 1797 il-

83 1822 204 1857 lorum
219 1822 386 1867 partibus
411 1822 527 1858 creari
543 1825 688 1867 possent
706 1825 887 1868 quaedam
904 1825 1126 1860 monasteria
1152 1825 1210 1859 vel
1229 1823 1384 1868 collegia
1401 1821 1577 1863 virorum,

85 1880 224 1925 pietate
249 1881 473 1925 scientiaque
497 1881 716 1926 insignium,
743 1883 824 1926 qui,
855 1895 984 1928 graece
1018 1883 1183 1918 viventes
1208 1883 1245 1917 et
1269 1892 1398 1927 graece
1423 1880 1582 1921 orantes,

86 1937 218 1973 studiis
245 1938 412 1973 omnibus
437 1940 697 1981 ecclesiasticis,
735 1941 895 1976 maxime
922 1954 1007 1977 vero
1034 1941 1194 1987 graecis,
1234 1942 1331 1975 totos
1369 1951 1405 1974 se
1441 1938 1582 1979 darent,

88 1995 267 2040 simulque
291 2007 355 2041 per
381 1996 561 2038 lectiones,
588 1997 878 2042 praedicationes
897 2001 932 2034 et
950 1999 1088 2043 scripta
1112 2011 1235 2034 veram
1254 1996 1462 2032 doctrinam
1481 2007 1584 2040 spar-

88 2055 217 2100 gerent
242 2056 278 2090 et
304 2054 499 2098 discipulos
524 2055 774 2091 efformarent.

181 2112 219 2147 6⁰
243 2113 475 2148 Haberentur
501 2114 638 2148 Romae
664 2114 787 2149 selecti
813 2114 928 2159 aliqui
954 2115 1034 2157 viri,
1073 2127 1146 2151 non
1172 2114 1279 2150 latini
1312 2114 1484 2155 tantum,
1523 2113 1585 2147 sed

86 2172 125 2207 et
149 2171 283 2216 graeci,
307 2182 500 2214 rerumque
526 2183 741 2216 graecarum
766 2173 874 2218 gnari
899 2174 936 2209 et
960 2173 1213 2219 expertissimi,
1240 2173 1303 2218 qui
1320 2173 1476 2208 Sanctae
1502 2170 1585 2206 Sedi

89 2229 312 2275 apostolicae
336 2229 375 2263 in
401 2229 569 2265 omnibus
594 2231 641 2266 ad
667 2243 814 2277 graecos
839 2232 1089 2277 spectantibus
1114 2245 1130 2267 a
1160 2232 1321 2268 conciliis
1346 2231 1478 2266 essent.

90 2335 143 2369 De
167 2334 376 2376 dividenda,
403 2335 461 2370 vel
486 2335 717 2380 duplicanda,
744 2337 902 2373 maxime
926 2338 964 2372 in
991 2338 1154 2373 favorem
1180 2335 1443 2377 Orientalium,
1481 2345 1584 2369 sacra

308 2392 318 2407 ⁴
484 2393 775 2439 Congregatione
800 2396 1066 2441 Propagandae
1091 2397 1186 2432 fidei.

181 2463 272 2499 Cum
296 2463 511 2498 missionum
535 2465 759 2509 prosperitas
785 2468 821 2501 et
847 2467 1066 2511 populorum
1099 2464 1301 2500 infidelium
1327 2464 1385 2498 vel
1409 2460 1587 2497 acatholi-

87 2533 211 2557 corum
237 2522 424 2557 conversio
449 2522 608 2559 maxime
643 2525 802 2567 pendeat
835 2537 857 2559 a
889 2524 1061 2569 prudenti
1096 2526 1133 2559 et
1168 2523 1295 2559 solerti
1328 2519 1587 2556 distributione

89 2580 163 2615 sive
189 2579 439 2625 operariorum
474 2581 774 2625 apostolicorum,
812 2583 887 2617 sive
923 2582 1099 2627 pecuniae
1125 2583 1162 2617 et
1187 2581 1342 2617 aliorum
1366 2578 1588 2615 auxiliorum

91 2650 185 2682 quae
210 2638 332 2673 fideles
357 2649 425 2682 pro
450 2637 533 2673 fidei
558 2640 827 2684 propagatione
853 2641 1063 2682 conferunt,
1090 2652 1211 2675 nonne
1237 2637 1473 2674 utilissimum
1498 2637 1591 2671 esset

90 2696 394 2745 Congregationis
419 2696 539 2731 dictae
564 2697 831 2743 Propagandae
848 2699 950 2735 Fidei
967 2698 1194 2740 divisionem,
1220 2709 1281 2733 seu
1299 2694 1587 2741 duplicationem

92 2759 179 2801 fieri,
206 2759 242 2793 et
265 2757 356 2791 duas
382 2753 499 2789 veluti
523 2754 669 2790 institui
694 2757 978 2803 Propagandas:

187 2818 362 2858 Alteram,
390 2826 455 2859 pro
481 2811 641 2857 Oriente,
679 2827 752 2850 non
776 2815 882 2851 unice
917 2826 983 2850 nec
1020 2815 1212 2861 praecipue
1247 2825 1291 2849 ex
1328 2812 1454 2849 latinis
1478 2811 1587 2847 Prae-
