1812 3088
222 134 306 173 294
855 127 1078 171 Nachtrtige.

221 247 319 282 tutes
346 245 486 281 servari
511 246 624 289 atque
648 243 772 289 perfici
797 242 958 284 valeant,
994 244 1031 279 et
1056 242 1087 278 si
1111 254 1201 288 opus
1225 242 1347 285 fuerit,
1373 243 1645 289 promptissime
1667 256 1724 281 re—

221 304 346 350 parari
371 303 524 349 possint.

315 362 415 398 Haec
438 373 569 406 porro,
596 360 665 396 etsi
690 360 860 396 omnibus
884 359 1135 405 Regularibus
1160 360 1378 404 communia,
1404 362 1446 396 at
1467 360 1541 396 illis
1565 361 1726 398 maxime

221 420 425 457 necessaria
449 432 526 456 esse
550 421 689 464 liquet,
731 420 794 463 qui
819 419 979 454 externis
1005 419 1099 454 sacri
1121 418 1316 454 ministerii
1342 418 1511 464 operibus
1546 420 1726 466 occupati,

220 480 386 525 pluribus
411 479 674 523 undequaeque
699 478 830 523 patent
853 477 1094 513 relaxationis
1118 477 1308 522 periculis,
1347 479 1395 520 et,
1421 478 1452 512 si
1477 490 1499 513 a
1524 479 1644 514 status
1669 478 1726 514 sui

220 538 437 584 integritate
466 537 684 580 defecerint,
725 536 870 582 majora
895 536 1071 571 scandala
1094 536 1275 571 Ecclesiae
1311 535 1528 582 ingenerare
1563 538 1728 582 possunt.

221 597 466 640 Quamobrem
503 597 636 632 horum
671 594 891 641 praesertim
929 594 1109 630 Ordinum
1149 595 1186 629 et
1222 594 1485 630 Institutorum
1521 595 1729 640 Superiores

220 654 505 700 prudentissime
542 656 699 689 caveant
737 655 785 690 ab
822 653 1063 689 admittendis
1088 653 1163 688 illis
1191 653 1458 697 sacerdotibus,
1497 654 1556 690 vel
1589 653 1730 690 clericis

222 714 286 759 qui
310 714 433 749 minus
475 713 580 759 digni
618 725 720 749 sacro
744 712 950 748 ministerio
987 712 1025 746 in
1052 713 1275 748 dioecesibus
1300 714 1337 748 et
1362 712 1571 749 seminariis
1609 711 1730 748 habiti

222 775 318 814 sunt,
345 774 383 808 et
407 771 540 816 quibus
566 771 720 816 saepius,
747 771 775 806 si
800 771 844 806 de
868 783 934 806 sua
962 782 1045 806 vere
1073 771 1191 807 salute
1209 771 1358 807 solliciti
1373 771 1493 807 vitam
1517 770 1729 817 religiosam

223 831 398 877 amplecti
423 831 549 872 velint,
576 830 802 866 claustratae
827 830 951 875 potius
984 831 1021 865 et
1044 829 1276 875 poenitentes
1300 830 1497 875 religiones
1522 830 1731 865 suadendae

223 892 320 933 sunt,
346 901 460 934 quam
483 889 569 924 illae
594 900 748 932 quorum
768 887 916 929 subditi,
943 889 1051 923 extra
1077 888 1239 922 claustra
1264 889 1307 923 ut
1322 888 1526 933 plurimum
1543 888 1729 933 degentes,

223 951 260 984 et
284 948 503 994 vigilantiae
529 947 758 992 superiorum
785 946 979 989 subtracti,
1006 946 1276 992 praedicationi
1314 946 1435 981 ubivis
1470 947 1633 982 locorum
1667 956 1731 980 va-

223 1009 335 1043 cant:
362 1007 460 1051 quod
486 1005 632 1040 utinam
656 1017 847 1050 nunquam
874 1005 940 1040 soli
965 1005 1138 1047 facerent,
1166 1005 1228 1040 sed
1254 1016 1396 1050 semper
1419 1004 1517 1048 bini,
1540 1005 1652 1051 juxta
1675 1015 1732 1039 re-

225 1067 351 1113 gulam
376 1066 639 1111 evangelicam,
666 1067 774 1100 caute
799 1064 1057 1101 mitterentur!

320 1126 411 1161 Cum
437 1127 579 1168 autem,
618 1125 656 1159 in
683 1126 784 1160 statu
809 1125 993 1169 praesenti
1018 1123 1198 1159 Ecclesiae
1236 1125 1273 1158 et
1311 1123 1496 1158 humanae
1534 1121 1731 1164 societatis,

227 1183 551 1218 circumstantibus
578 1183 665 1218 hinc
689 1185 724 1218 et
749 1183 834 1218 inde
857 1182 993 1217 invidis
1015 1182 1193 1224 hostibus,
1221 1181 1414 1217 haereticis
1439 1181 1588 1223 scilicet,
1614 1180 1734 1215 incre-

225 1242 330 1284 dulis,
358 1244 395 1277 et
419 1243 527 1277 malis
552 1242 732 1287 politicis,
769 1242 830 1286 qui
856 1241 1118 1276 infensissimos
1157 1240 1299 1276 animos
1331 1252 1421 1286 erga
1454 1239 1642 1285 religiosos
1668 1238 1734 1273 Or-

226 1301 328 1336 dines
354 1302 500 1346 gerunt,
525 1312 690 1336 summae
716 1299 940 1336 necessitatis
966 1300 1013 1334 sit
1037 1299 1239 1345 Regulares
1264 1298 1446 1344 quoslibet
1470 1300 1508 1334 et
1532 1298 1658 1334 sancte
1678 1296 1732 1332 vi-

228 1371 322 1402 vere,
348 1361 385 1395 et
410 1360 590 1404 quidquid
616 1359 831 1394 scandalum
858 1359 1035 1403 praebere
1059 1359 1181 1403 posset
1206 1358 1253 1393 ab
1279 1357 1464 1393 Institutis
1489 1355 1563 1391 suis
1585 1367 1736 1402 promp-

228 1418 367 1454 tissime
393 1430 595 1460 removere;
623 1419 843 1453 statuendae
866 1417 1081 1453 viderentur
1107 1417 1254 1461 aliquae
1278 1416 1373 1462 juris
1390 1416 1552 1462 regulae,
1578 1425 1735 1459 quarum

229 1488 312 1522 ope:
355 1479 389 1512 1⁰
414 1477 590 1523 Religiosi
616 1477 741 1513 discoli
778 1479 814 1512 et
842 1477 1069 1519 scandalosi‚
1107 1475 1347 1521 quantumvis
1382 1474 1603 1511 solemnibus
1641 1471 1738 1508 votis

229 1535 363 1578 ornati,
392 1536 536 1571 facilius
561 1538 596 1572 et
622 1536 830 1581 expeditius
855 1536 989 1581 expelli
1013 1538 1160 1580 possent
1176 1564 1183 1576 ,
1222 1536 1259 1570 et
1283 1534 1384 1569 vitae
1409 1531 1590 1569 saeculari
1613 1531 1737 1571 reddi3

230 1595 265 1629 2⁰
289 1595 417 1630 domus
442 1594 658 1639 religiosae,
699 1595 827 1630 statim
853 1606 895 1629 ac
920 1595 1103 1640 regularis
1141 1593 1180 1628 in
1206 1593 1257 1628 eis
1282 1592 1478 1638 disciplina
1503 1590 1654 1637 gravius
1679 1601 1738 1625 re-

229 1653 351 1688 laxari
377 1653 612 1696 constitisset,
639 1653 845 1696 reformari,
873 1655 938 1689 aut
957 1652 1137 1698 supprimi
1155 1653 1313 1698 possent,
1339 1652 1377 1688 et
1393 1650 1589 1691 deberent;
1619 1650 1656 1684 3⁰
1674 1660 1737 1684 ne-

231 1723 301 1755 que
325 1711 544 1746 toleraretur
570 1712 608 1746 in
646 1714 835 1758 posterum
860 1713 937 1747 ulla
964 1712 1136 1758 religiosa
1162 1711 1315 1747 societas
1330 1739 1338 1754 ,
1374 1710 1431 1746 vel
1456 1710 1603 1752 domus,
1643 1719 1738 1753 quae

230 1770 425 1805 manifeste
450 1770 593 1806 inutilis
620 1771 658 1805 in
681 1771 842 1807 Ecclesia
867 1771 967 1807 facta
993 1772 1095 1807 esset.

325 1829 443 1865 Valde
468 1828 581 1863 etiam
606 1830 794 1876 expediret
820 1830 1068 1875 exemptiones
1105 1829 1147 1864 de
1172 1840 1269 1864 novo
1293 1840 1366 1864 non
1392 1828 1561 1871 concedi,
1599 1829 1637 1863 et
1656 1827 1740 1873 jam

231 1900 417 1924 concessas
441 1889 496 1924 ita
521 1889 710 1925 moderate
734 1889 954 1934 temperari,
996 1890 1037 1923 ut
1061 1888 1377 1933 supprimerentur
1392 1916 1399 1930 ,
1438 1888 1621 1931 quantum
1657 1897 1740 1931 pos-

231 1946 336 1983 sibile
362 1950 442 1990 erit‚
469 1949 669 1994 Regulares
686 1948 783 1984 inter
809 1950 845 1984 et
872 1949 1081 1984 Saeculares
1100 1947 1304 1983 occasiones
1329 1946 1476 1982 illorum
1504 1944 1740 1980 conflictuum

233 2005 313 2049 qui,
353 2006 390 2040 in
417 2006 591 2042 hodierno
617 2017 739 2041 rerum
765 2008 877 2048 statu,
917 2018 990 2042 non
1027 2006 1098 2040 nisi
1135 2004 1439 2050 periculosissime
1475 2013 1667 2048 erumpere
1704 2003 1741 2038 et

233 2064 373 2109 agitari
399 2067 558 2110 possent.

234 2158 285 2192 De
310 2159 490 2204 religiosis
514 2160 710 2196 mulierum
736 2161 899 2202 familiis,
926 2160 1134 2206 puellarum
1159 2156 1367 2194 educationi
1399 2158 1436 2192 et
1461 2155 1632 2202 operibus
1655 2155 1741 2190 cha-

794 2220 919 2255 ritatis
950 2218 1180 2254 vacantibus.

331 2288 558 2333 Longissime
584 2290 688 2325 abest
713 2292 754 2324 ut
778 2290 1034 2335 religiosarum
1060 2289 1256 2324 mulierum
1282 2298 1467 2327 numerus,
1493 2296 1587 2330 quae
1608 2285 1742 2330 juven-

236 2346 328 2382 tutis
355 2347 575 2390 educationi,
603 2348 836 2384 infirmorum
861 2347 1066 2383 visitationi
1092 2350 1129 2382 et
1155 2358 1273 2386 curae,
1301 2345 1454 2389 aliisque
1479 2343 1652 2389 operibus
1674 2341 1743 2377 mi—

237 2405 462 2447 sericordiae,
489 2407 571 2442 tum
595 2407 633 2441 in
663 2407 825 2449 urbibus,
851 2408 933 2441 tum
958 2406 997 2442 in
1022 2405 1208 2440 ruralibus
1234 2403 1431 2450 paroeciis,
1470 2403 1628 2443 vacant,
1669 2401 1743 2436 suf-

237 2463 357 2498 ficiens
382 2463 440 2498 sit.
490 2464 735 2506 Quantumvis
759 2464 876 2510 igitur
902 2464 1013 2508 hujus
1039 2463 1182 2509 generis
1206 2462 1398 2503 instituta,
1434 2462 1502 2497 hoc
1526 2459 1744 2505 praesertim

237 2523 390 2563 saeculo,
416 2523 669 2568 multiplicata
694 2523 778 2565 sint,
806 2523 909 2559 novis
934 2522 1221 2563 fundationibus,
1248 2521 1383 2556 nedum
1401 2519 1662 2561 obsistendum,
1688 2519 1744 2554 ia-

238 2583 399 2617 vendum
425 2583 585 2623 econtra,
612 2582 741 2627 positis
765 2581 953 2627 ponendis,
981 2581 1137 2616 videtur.

330 2641 456 2684 Neque
482 2641 556 2676 ullo
582 2642 690 2676 modo
715 2640 805 2676 satis
831 2641 946 2685 liquet
971 2640 1100 2675 melius
1134 2640 1234 2680 fore,
1273 2642 1313 2674 ut
1340 2637 1491 2682 quidam
1520 2636 1676 2678 vellent,
1714 2635 1744 2671 si

240 2698 358 2734 omnis
384 2699 449 2734 illa
474 2699 735 2735 Institutorum
763 2700 942 2736 varietas.
976 2699 1135 2743 quadam
1162 2698 1277 2734 veluti
1303 2697 1465 2738 fusione,
1505 2695 1552 2730 ad
1578 2698 1654 2730 tres
1679 2696 1745 2729 aut

239 2760 398 2801 quatuor
426 2758 584 2803 majores
610 2758 913 2804 congregationes
941 2759 1187 2793 reduceretur.
1237 2755 1455 2791 Timendum
1480 2753 1615 2798 quippe
1641 2753 1745 2809 esset,

240 2827 284 2851 ne
311 2815 361 2850 sic
385 2817 464 2850 tam
491 2818 619 2851 sancta
653 2817 718 2852 illa
744 2819 781 2852 et
804 2818 936 2852 tantae
961 2816 1137 2851 utilitatis
1171 2827 1226 2851 res
1252 2814 1418 2850 funditus
1443 2812 1726 2858 perturbaretur
1735 2826 1745 2854 ;

240 2884 287 2908 ne
310 2873 543 2909 vocationum
571 2874 675 2920 copia
702 2874 919 2911 notabiliter
945 2874 1229 2915 diminueretur-3
1267 2872 1341 2908 imo
1377 2883 1422 2907 ne
1447 2869 1684 2907 observantia
1707 2870 1746 2905 et
