1812 3088
214 80 238 119 2
247 79 270 119 9
276 79 299 119 2
848 72 1073 121 Nachtrage.

210 193 313 234 esset,
339 191 378 227 in
402 203 471 226 usu
494 188 782 233 difficiliorisque
805 190 931 234 praxis
953 189 1082 233 foret,·'‘
1093 201 1222 235 scopus
1246 190 1487 227 nihilominus
1509 192 1602 238 legis
1625 190 1721 229 obti-

211 249 380 293 nebitur,
418 248 448 284 si
489 248 528 283 in
552 247 812 293 promovendis
836 247 1009 293 parochis
1034 260 1173 293 magna
1207 249 1389 284 habeatur
1413 249 1512 285 ratio
1537 250 1719 294 scientiae,

210 309 313 352 cujus
339 307 492 352 quisque
515 306 774 352 probationem
798 306 1017 350 exhibuerit,
1043 307 1123 342 tum
1149 306 1188 341 in
1214 307 1440 351 seminariis,
1467 309 1550 343 tum
1573 308 1612 343 in
1636 321 1721 345 exa-

210 366 370 401 minibus
409 365 624 401 clericorum
638 393 645 407 ,
683 365 949 410 juniorumque
986 366 1217 401 sacerdotum
1232 393 1239 407 ‚
1278 367 1361 401 tum
1385 365 1425 401 in
1461 366 1720 403 collationibus

208 424 469 467 ecclesiasticis,
494 425 576 458 tum
601 423 760 459 maxime
783 423 823 458 in
849 423 1059 459 obtinendis
1088 424 1264 470 gradibus
1290 425 1509 461 academicis
1525 426 1719 461 baccalau-

207 485 342 526 reatus,
368 483 580 519 licentiatus
605 484 641 518 et
661 484 891 519 doctoratus:
916 483 972 518 ita
997 484 1049 526 ut,
1077 483 1229 519 caeteris
1254 483 1417 529 paribus,
1444 485 1502 520 vel
1527 496 1602 520 non
1626 485 1719 520 mul-

206 545 288 577 tum
311 542 528 588 imparibus,
555 542 694 578 doctior
723 542 845 577 minus
871 543 978 578 docto
1003 553 1144 588 semper
1171 543 1458 588 praehabeatur.

300 602 351 636 Ut
391 612 473 636 vero
510 601 554 635 de
591 600 765 636 scientiae
802 600 1085 646 probationibus
1124 601 1258 637 certius
1295 602 1500 643 constaret,
1538 601 1719 645 simulque

208 659 327 705 magis
352 659 611 695 accenderetur
636 659 841 694 studiorum
881 659 1099 702 aemulatio,
1135 659 1252 694 statui
1275 661 1397 705 posset
1421 661 1464 694 ut
1488 659 1585 695 varii
1611 660 1718 697 meri-

206 721 329 754 torum
354 719 492 763 gradus
516 717 555 751 in
579 717 693 752 variis
727 718 802 753 illis
826 717 1107 763 probationibus
1145 717 1301 754 exhibiti
1338 730 1411 754 non
1445 719 1562 755 solum
1598 718 1637 754 in
1661 730 1718 754 re-

206 777 318 824 gestis
344 776 479 819 notari,
505 776 567 812 sed
593 776 709 812 etiam
734 776 882 822 vulgari
908 776 1091 812 deberent.

647 883 699 917 De
723 881 999 927 praedicatione
1025 881 1128 917 verbi
1153 881 1282 917 divini.

302 956 385 991 Non
411 955 530 1001 pauci,
558 954 676 998 hodie,
703 953 806 989 verbi
831 953 950 989 divini
978 953 1261 999 praedicatores,
1288 964 1333 988 ne
1350 953 1485 989 multos
1502 952 1716 996 dixerimus,

207 1014 246 1049 in
269 1013 416 1060 magnis
441 1013 662 1059 praesertim
702 1013 934 1054 civitatibus,
968 1012 1182 1058 praedicare
1217 1013 1418 1048 noscuntur
1453 1012 1562 1048 modo
1597 1012 1718 1058 magis

204 1073 466 1119 philosophico,
493 1072 698 1115 litterario,
724 1073 761 1107 et
785 1071 973 1113 naturali,
1014 1083 1126 1115 quam
1164 1082 1248 1107 vere
1275 1070 1487 1107 Christiano
1496 1085 1505 1113 ;
1541 1071 1638 1107 unde
1672 1071 1717 1105 il—

203 1133 325 1168 lorum
348 1132 558 1174 conciones,
599 1131 715 1168 solida
752 1131 921 1167 doctrina
947 1142 1085 1166 vacuae
1100 1159 1107 1172 ,
1146 1132 1183 1165 et
1222 1131 1384 1166 motibus
1420 1130 1494 1165 illis
1518 1142 1562 1165 ac
1587 1131 1717 1166 sancta

204 1191 376 1226 unctione
401 1191 623 1233 destitutae,
662 1201 756 1234 quae
782 1190 830 1225 ad
855 1189 974 1225 cordis
1000 1189 1321 1234 compunctionem
1359 1188 1502 1224 animas
1539 1189 1716 1232 excitant,

204 1250 262 1285 vel
287 1249 408 1285 nullos
432 1249 591 1292 omnino,
620 1249 677 1285 vel
702 1248 966 1284 modicissimos
991 1249 1141 1283 tantum
1165 1248 1309 1283 fructus
1334 1248 1555 1293 producunt,
1586 1249 1624 1282 et
1650 1259 1714 1283 au-

205 1308 352 1350 ditores,
394 1307 509 1344 etiam
536 1307 723 1350 assiduos,
763 1307 801 1342 in
839 1319 978 1352 magna
1014 1308 1051 1341 et
1087 1307 1250 1352 lugenda
1276 1306 1490 1352 ignorantia
1525 1305 1715 1352 religionis

204 1366 431 1410 relinquunt.

298 1424 439 1460 Summi
463 1425 580 1470 igitur
605 1425 716 1470 pretii
743 1436 819 1460 esse
846 1424 1028 1460 videretur
1043 1452 1051 1467 ,
1087 1423 1118 1458 si
1143 1423 1347 1459 Concilium
1373 1424 1609 1466 Vaticanum,
1636 1424 1714 1459 Sao.

204 1484 355 1519 Concilii
394 1484 603 1520 Tridentini
641 1483 807 1530 vestigiis
840 1483 1056 1525 inhaerens,
1097 1483 1285 1519 decretum
1322 1483 1478 1528 speciale
1513 1495 1557 1520 ea
1594 1484 1639 1518 de
1677 1495 1716 1519 re

203 1544 346 1585 ederet,
386 1543 424 1578 in
451 1555 522 1587 quo
548 1543 719 1588 explicite
745 1554 850 1578 veras
877 1542 1109 1578 Christianae
1134 1542 1419 1587 praedicationis
1454 1543 1602 1588 regulas
1638 1544 1715 1578 tra—

203 1602 304 1637 deret
330 1604 367 1637 et
391 1602 603 1646 intimaret,
644 1614 768 1639 omnes
804 1602 909 1638 verbi
934 1601 1053 1636 divini
1077 1601 1350 1646 praedicatores
1376 1601 1520 1637 fortiter
1557 1613 1715 1638 commo-

202 1662 332 1704 nendo,
359 1663 541 1706 quatenus
567 1661 842 1707 Scripturarum
868 1660 1099 1702 divinarum,
1140 1660 1199 1695 SS.
1223 1660 1378 1696 Patrum
1403 1661 1440 1696 et
1465 1672 1589 1696 sacrae
1612 1660 1715 1696 theo-

202 1719 322 1764 logiae
347 1720 468 1755 studio
494 1719 766 1762 incumbentes,
804 1719 889 1754 inde
915 1718 1148 1763 potissimum
1173 1718 1386 1754 concionum
1412 1731 1562 1754 suarum
1587 1719 1714 1755 hauri—

202 1779 288 1812 rent
311 1779 498 1821 materias,
525 1780 567 1813 ut
592 1779 647 1814 ita
672 1779 826 1815 verbum
844 1778 1012 1813 divinum
1037 1777 1261 1813 annuntiare
1287 1778 1495 1821 studerent,
1530 1780 1572 1813 ut
1595 1780 1633 1814 et
1657 1778 1713 1825 ig-

200 1848 311 1872 naros
336 1837 490 1880 erudire,
517 1840 553 1873 et
578 1839 788 1882 peccatores
825 1838 871 1872 ad
897 1836 1166 1882 poenitentiam
1192 1838 1405 1873 convertere
1444 1838 1482 1872 et
1513 1837 1635 1883 justos
1672 1837 1713 1873 in

202 1896 263 1931 via
288 1896 470 1932 virtutum
496 1909 712 1942 promovere
737 1896 935 1933 efficaciter
960 1897 1119 1941 possent.

295 1955 572 2000 Praeciperetur
598 1967 741 1999 quoque
765 1956 818 1997 ut,
845 1955 883 1989 in
910 1954 1184 1999 parochialibus
1211 1954 1401 1999 quibusvis
1426 1956 1595 1999 ecclesiis,
1621 1957 1711 1992 Doc-

200 2013 300 2049 trina
325 2014 551 2057 christiana,
590 2015 629 2049 in
654 2018 805 2060 prona‘is
831 2015 867 2049 et
892 2013 1148 2056 concionibus,
1188 2025 1252 2059 per
1278 2013 1465 2057 ordinem,
1504 2014 1713 2059 successive,

200 2072 378 2117 complete
403 2074 440 2108 et
464 2072 583 2108 lucide
608 2073 836 2115 traderetur3
875 2073 929 2108 ita
955 2074 997 2108 ut
1022 2084 1149 2114 nemo,
1188 2072 1384 2118 parochiae
1409 2084 1495 2108 suae
1519 2072 1711 2118 praedica-

200 2130 345 2165 tionum
369 2131 516 2167 auditor
542 2132 719 2175 assiduus,
746 2132 948 2177 Religionis
975 2132 1163 2177 dogmata,
1190 2133 1390 2177 praecepta
1415 2133 1451 2167 et
1477 2133 1711 2167 sacramenta

200 2188 373 2234 ignorare
397 2192 540 2234 posset:
583 2191 631 2225 ad
656 2203 764 2235 quem
790 2191 903 2226 etiam
928 2191 1036 2225 finem
1075 2191 1235 2225 multum
1256 2190 1426 2235 juvabit,
1454 2190 1484 2225 si
1510 2190 1710 2233 interdum,

201 2247 257 2282 bis
282 2261 317 2283 v.
345 2260 382 2293 g.
407 2248 446 2283 in
482 2261 599 2291 anno,
637 2250 845 2294 praecipuis
884 2250 1044 2284 maxime
1080 2249 1368 2292 festivitatibus,
1410 2250 1558 2293 quando
1595 2248 1711 2294 plebis

200 2306 321 2351 major
347 2307 451 2342 adest
479 2318 698 2349 concursus,
737 2310 818 2344 tota
857 2309 1046 2344 doctrinae
1083 2308 1308 2344 christianae
1346 2307 1456 2344 series
1490 2307 1651 2343 breviter
1674 2308 1712 2342 et

199 2364 296 2400 clare
322 2367 575 2410 exponeretur.

200 2471 252 2507 De
278 2470 457 2516 pastorali
484 2470 731 2507 sollicitudine
749 2483 836 2516 erga
855 2483 986 2516 pueros
1012 2473 1048 2506 et
1069 2472 1240 2516 juvenes;
1267 2473 1303 2506 et
1319 2471 1440 2517 primo
1464 2472 1507 2507 de
1525 2470 1711 2516 frequenti

619 2532 657 2565 et
682 2530 808 2565 sedula
832 2541 1031 2575 puerorum
1055 2530 1289 2565 confessione.

293 2601 382 2636 Cum
408 2601 619 2636 adultorum
644 2601 755 2635 tanta
780 2612 866 2645 pars
881 2628 888 2642 ,
928 2600 1047 2634 virilis
1072 2601 1267 2645 praecipue
1292 2612 1408 2643 sexus,
1435 2601 1580 2645 praxim
1606 2600 1710 2636 Chri-

198 2659 361 2694 stianam
385 2671 533 2704 prorsus
560 2659 740 2704 negligat,
782 2658 952 2694 ecclesias
977 2671 1110 2704 parum
1137 2660 1363 2703 frequentet,
1400 2659 1436 2694 et
1461 2660 1588 2694 sancto
1613 2657 1710 2694 Cleri

196 2717 351 2752 influxui
377 2729 412 2752 se
438 2729 552 2762 prope
576 2718 743 2753 totaliter
778 2718 994 2757 subtrahat,
1034 2717 1206 2759 maximi,
1243 2719 1312 2753 hac
1337 2719 1465 2752 nostra
1491 2716 1710 2762 praesertim

195 2777 328 2816 aetate,
358 2776 535 2812 momenti
560 2778 652 2812 esset
678 2779 719 2811 ut
752 2776 951 2821 pastoralis
985 2788 1072 2811 cura
1097 2777 1266 2820 zelusque
1302 2775 1539 2812 sacerdotalis
1575 2774 1709 2810 sollici-

195 2834 279 2877 tius,
305 2836 343 2870 et
367 2834 496 2878 quovis
520 2834 685 2879 possibili
712 2836 829 2877 modo,
868 2846 956 2881 erga
980 2847 1110 2880 pueros
1135 2847 1177 2871 ac
1198 2835 1352 2880 juvenes
1379 2846 1415 2870 se
1440 2833 1709 2879 impenderent.
