1812 3088
615 80 865 117 Aktenstiicke
890 81 1005 115 XIV*.
1471 84 1495 123 3
1505 84 1553 123 13

65 200 204 243 tandis,
230 200 275 236 de
299 197 534 244 dispositione
559 208 665 241 super
689 195 793 232 bonis
819 207 862 230 ex
888 195 1060 232 beneficio
1085 197 1143 231 vel
1167 195 1286 232 officio
1311 195 1554 232 ecclesiastico

62 257 363 304 provenientibus
389 254 513 290 debita
537 255 616 288 tam
643 253 740 287 inter
766 252 867 288 vivos
895 264 1007 296 quam
1033 254 1162 288 mortis
1187 266 1306 297 causa,
1344 255 1388 289 de
1413 253 1555 299 obliga-

61 316 161 352 tione
184 314 333 360 parochi
358 313 454 348 circa
480 312 685 347 scholarum
703 312 740 347 et
755 322 960 355 pauperum
986 323 1111 346 curam
1135 313 1253 348 denuo
1269 313 1491 348 definiantur
1517 313 1555 348 et

63 373 375 418 praescribantur.

157 431 245 467 Cum
271 430 410 464 multae
435 428 612 463 dioeceses
637 429 715 462 tam
741 428 886 471 amplae
911 428 1083 469 existant,
1110 430 1151 463 ut
1169 429 1339 475 Episcopi
1364 429 1474 464 officii
1500 428 1555 464 sui

62 490 186 535 partes
209 488 320 524 etiam
348 485 583 532 gravissimas
609 485 755 521 omnino
780 485 931 530 implere
948 498 1020 521 non
1039 487 1198 527 valeant,
1223 487 1391 531 petimus,
1418 487 1460 522 ut
1477 487 1557 522 ubi-

62 557 204 591 cunque
227 545 303 581 fieri
327 543 498 590 potuerit,
525 543 699 578 dioeceses
724 542 860 578 nimiae
885 544 1141 588 amplitudinis
1165 556 1228 589 per
1245 556 1379 579 novam
1403 545 1555 579 circum-

63 604 295 650 scriptionem
318 602 374 637 ita
391 601 669 643 imminuantur,
696 602 875 645 quatenus
893 601 1060 646 Episcopi
1079 601 1248 637 omnibus
1269 602 1325 637 sui
1343 602 1452 638 officii
1469 614 1554 648 par-

63 663 172 705 tibus,
198 662 329 698 saltem
353 659 534 706 gravioris
558 660 744 702 momenti,
770 660 841 705 ipsi
867 660 1076 696 satisfacere
1106 660 1255 706 possint.

788 765 832 799 II.

156 835 249 878 Quia
280 835 373 870 teste
398 835 432 870 S.
457 835 617 870 Concilio
643 834 857 870 Tridentino
883 835 916 870 S.
942 835 997 869 24.
1030 836 1074 870 de
1106 836 1172 870 ref.
1204 847 1233 870 c.
1260 836 1292 869 2.
1327 835 1555 880 experientia

62 895 177 936 docet,
203 896 352 939 propter
370 893 663 938 prohibitionum
688 893 966 928 multitudinem
991 894 1177 929 multoties
1203 894 1241 928 in
1267 895 1411 930 casibus
1435 893 1557 939 prohi-

62 952 149 987 bitis
173 951 386 997 ignoranter
412 953 581 988 contrahi
605 952 860 995 matrimonia,
896 952 932 987 in
965 953 1097 996 quibus
1131 954 1189 988 vel
1214 966 1288 989 non
1321 954 1397 989 sine
1422 963 1558 998 magno

62 1010 234 1045 scandalo
257 1011 521 1054 perseveratur,
548 1011 604 1045 vel
630 1021 724 1054 quae
748 1021 820 1045 non
847 1010 923 1045 sine
950 1011 1073 1045 eodem
1102 1010 1339 1053 dirimuntur,
1363 1012 1445 1057 jam
1464 1011 1555 1046 Con-

63 1067 188 1102 cilium
213 1068 456 1103 Lateranense
480 1068 543 1102 III.
568 1069 606 1102 et
630 1067 831 1102 Concilium
856 1067 1115 1102 Tridentinum
1140 1069 1371 1104 matrimonii
1403 1068 1556 1114 impedi-

64 1126 190 1160 menta
206 1125 350 1166 diversa
367 1124 608 1170 abrogarunt.
653 1125 837 1160 Hodierno
855 1127 979 1161 autem
996 1127 1169 1170 tempore,
1197 1139 1268 1171 quo
1291 1128 1372 1173 jam
1389 1126 1558 1172 plurimis

62 1183 150 1219 locis
174 1182 461 1224 matrimonium,
488 1184 585 1227 quod
610 1185 744 1218 vocant
769 1183 892 1226 civile,
927 1195 989 1228 per
1015 1185 1111 1230 leges
1136 1185 1260 1220 civiles
1293 1185 1559 1230 praescriptum

64 1242 136 1283 est,
171 1243 282 1285 atque
305 1241 572 1286 impedimenta
595 1242 771 1277 canonica
797 1240 985 1286 formaque
1013 1255 1035 1278 a
1059 1243 1218 1278 Concilio
1243 1243 1460 1279 Tridentino
1492 1254 1560 1286 pro

63 1298 297 1335 matrimonio
323 1299 571 1335 contrahendo
596 1300 823 1345 praescripta
851 1312 914 1346 per
942 1301 1087 1336 easdem
1111 1301 1211 1346 leges
1235 1301 1358 1336 civiles
1383 1312 1457 1336 non
1483 1313 1559 1336 am-

62 1357 159 1402 plius
183 1358 445 1402 agnoscuntur,
469 1358 629 1402 plurima
654 1359 836 1393 connubia
852 1358 987 1402 ubique
1004 1359 1080 1394 fere
1099 1360 1379 1401 contrahuntur,
1407 1370 1499 1403 quae
1517 1370 1560 1393 ex

58 1415 143 1461 jure
169 1415 340 1451 canonico
366 1417 469 1451 nulla
494 1418 579 1451 sunt
605 1417 792 1459 censenda,
819 1418 856 1452 et
881 1417 1010 1452 exinde
1035 1418 1185 1462 peccata
1211 1418 1321 1461 atque
1346 1417 1555 1452 animarum

64 1473 226 1518 pericula
249 1476 420 1509 aeternae
445 1473 574 1509 salutis
598 1474 791 1509 innumera
816 1476 852 1509 et
877 1474 1096 1519 gravissima
1121 1475 1356 1519 proveniunt.

157 1531 350 1566 Praeterea
381 1531 637 1567 commercium
670 1532 861 1567 hominum
895 1534 1006 1577 atque
1040 1533 1232 1569 nationum
1262 1534 1376 1569 etiam
1398 1532 1559 1567 maxime

63 1590 160 1625 inter
195 1602 231 1626 se
265 1590 476 1626 dissitarum
512 1602 579 1625 nec
611 1603 683 1626 non
719 1590 895 1626 domicilii
928 1591 1002 1626 sive
1028 1591 1323 1626 commorationis
1348 1590 1561 1626 immutatio

63 1647 369 1692 frequentissima,
403 1660 495 1692 quae
519 1649 693 1683 moderno
718 1650 880 1693 tempore
905 1649 1039 1693 ubique
1064 1650 1138 1684 fere
1162 1649 1340 1694 pristinae
1364 1647 1561 1683 immobili-

62 1705 152 1741 tatis
187 1707 223 1740 et
256 1706 471 1741 stabilitatis
506 1707 624 1741 locum
658 1707 914 1747 obtinuerunt,
954 1706 1300 1751 impedimentorum
1334 1706 1562 1742 matrimonii

63 1763 341 1809 indagationem
366 1765 472 1800 valde
497 1764 682 1801 difficilem
709 1776 906 1809 eorumque
940 1765 1234 1801 imminutionem
1260 1765 1418 1800 maxime
1443 1775 1563 1799 neces-

69 1821 205 1858 sariam
230 1823 401 1857 reddunt.
450 1822 648 1867 Propterea
672 1823 849 1867 petimus:

158 1880 195 1924 a)
220 1882 263 1915 ut
286 1880 593 1924 impedimentum
619 1882 743 1925 quarti
770 1882 907 1927 gradus
933 1882 1296 1927 consanguineitatis,
1323 1881 1449 1925 quarti
1475 1893 1561 1917 vero

67 1938 104 1972 et
128 1937 229 1973 tertii
256 1937 450 1973 affinitatis
479 1951 522 1974 ex
547 1940 676 1984 copula
701 1940 803 1974 licita
821 1942 922 1975 ortae
940 1951 1005 1974 nec
1023 1952 1094 1975 non
1113 1939 1343 1986 cognationis
1360 1939 1562 1984 spiritualis

65 1997 102 2030 et
124 1995 293 2040 publicae
319 1996 520 2032 honestatis
545 2008 588 2031 ex
615 1998 844 2042 sponsalibus
879 1997 1126 2042 provenientis
1161 1999 1273 2041 atque
1298 1997 1493 2033 affinitatis
1518 2010 1561 2034 ex

65 2053 195 2098 copula
217 2053 347 2089 illicita
370 2055 470 2090 ultra
487 2055 647 2099 primum
673 2056 830 2101 gradum
855 2057 891 2090 et
917 2055 1079 2090 criminis
1105 2067 1147 2090 ex
1172 2056 1248 2091 solo
1273 2056 1454 2091 adulterio
1479 2057 1559 2091 abs-

66 2121 136 2153 que
161 2112 405 2157 conjugicidio
431 2113 488 2147 vel
512 2112 625 2157 ipsius
649 2113 922 2148 machinatione
947 2113 1162 2158 proveniens
1188 2113 1408 2159 abrogetur:

159 2169 197 2213 b)
220 2171 263 2204 ut
281 2170 465 2215 Episcopis
492 2171 710 2206 concedatur
735 2171 891 2206 facultas
916 2172 1151 2216 dispensandi
1176 2184 1282 2217 super
1309 2173 1427 2218 gradu
1451 2172 1562 2209 tertio

65 2227 102 2261 et
125 2229 259 2270 quarto
284 2227 399 2262 mixto
425 2228 579 2263 secundo
604 2228 955 2273 consanguineitatis
980 2231 1017 2263 et
1042 2229 1255 2270 affinitatis;

160 2286 192 2330 c)
217 2287 259 2320 ut
291 2286 514 2331 dispensatio
547 2287 621 2322 sive
655 2286 814 2321 facultas
848 2287 1082 2331 dispensandi
1110 2299 1132 2322 a
1157 2289 1190 2323 S.
1240 2288 1329 2322 Sede
1354 2286 1564 2331 Apostolica

66 2342 256 2388 impertita
282 2356 355 2379 non
382 2344 538 2389 amplius
563 2356 627 2389 per
645 2345 813 2389 copulam
831 2345 1017 2380 reticitam
1033 2346 1090 2381 vel
1109 2347 1298 2391 patratam
1312 2346 1370 2381 vel
1386 2345 1560 2380 iteratam

66 2402 150 2444 post
173 2392 447 2447 missas⁴preces
471 2404 651 2446 tanquam
678 2403 780 2437 nulla
805 2403 950 2438 reddita
975 2404 1177 2443 habeatur,
1213 2403 1300 2447 quia
1332 2403 1460 2438 exinde
1486 2414 1562 2438 sae-

67 2459 213 2504 pissime
237 2460 477 2496 matrimonia
502 2461 773 2496 contrahuntur
808 2460 984 2496 invalida.
1033 2461 1122 2496 Cum
1148 2461 1319 2496 Oratores
1345 2461 1439 2496 falsa
1464 2473 1562 2496 vere-

68 2517 200 2552 cundia
226 2519 367 2553 seducti
390 2521 455 2554 aut
479 2531 593 2554 novas
618 2519 854 2554 difficultates
878 2519 1048 2554 timentes
1074 2531 1198 2554 verum
1223 2518 1463 2554 conscientiae
1491 2521 1565 2554 sta-

66 2576 147 2609 tum
171 2587 244 2610 non
269 2576 517 2618 manifestent,
554 2576 712 2611 maxime
737 2576 1011 2611 disiderandum
1038 2578 1109 2618 est,
1145 2578 1187 2610 ut
1211 2576 1467 2620 nupturientes
1492 2589 1565 2612 non

68 2634 248 2677 cogantur
271 2645 314 2668 ea
338 2634 585 2676 manifestare,
613 2645 705 2677 quae
731 2634 777 2668 ad
802 2633 989 2678 propriam
1014 2633 1283 2677 turpitudinem
1310 2634 1489 2677 spectant.

163 2691 200 2735 d)
225 2691 380 2733 Petitur,
415 2694 457 2726 ut
483 2691 644 2727 conditio
670 2703 731 2726 seu
756 2690 952 2735 obligatio,
988 2692 1144 2727 alteram
1180 2692 1326 2736 parten‘i
1360 2692 1403 2726 de
1437 2693 1567 2727 matri-

68 2748 178 2782 monii
208 2748 379 2784 nullitate
405 2750 594 2785 certiorem
620 2749 813 2787 reddendi,
849 2761 940 2793 quae
974 2749 1214 2784 facultatibus
1249 2762 1315 2794 pro
1340 2750 1567 2786 matrimonii

68 2805 332 2841 revalidatione
357 2808 566 2843 necessariis
591 2807 727 2852 apponi
755 2808 861 2849 solet,
897 2807 935 2841 in
960 2807 1004 2842 iis
1030 2807 1191 2850 casibus,
1229 2808 1267 2843 in
1292 2808 1424 2852 quibus
1456 2820 1566 2844 causa
