1812 3088
204 128 228 167 2
236 127 257 165 7
263 127 289 166 8
843 119 1009 153 Nachtra
1012 129 1068 164 ge.

206 238 367 275 tenenda
392 245 532 281 quaeve
556 234 757 280 rejicienda
782 235 819 268 et
842 234 1057 270 damnanda
1082 234 1167 277 sint,
1192 236 1392 280 postquam
1415 235 1612 275 infallibile
1632 238 1711 274 Ma-

205 295 394 342 gisterium
420 292 578 329 Romani
603 292 791 328 Pontificis
817 303 890 336 qua
916 292 1129 328 successoris
1162 293 1195 328 S.
1222 292 1324 328 Petri
1349 292 1531 339 Principis
1555 295 1711 342 Aposto-

205 356 323 391 lorum
349 354 388 388 in
406 352 478 387 suis
494 350 758 387 successoribus
774 350 952 386 Romanis
973 351 1211 386 Pontificibus
1236 363 1377 397 semper
1394 352 1554 389 viventis
1576 354 1711 391 Sancta

204 411 396 449 Catholica
420 409 582 446 Ecclesia
607 420 748 455 semper
774 409 972 445 crediderit
997 410 1034 444 et
1058 409 1221 454 professa
1245 409 1368 453 fuerit,
1408 412 1518 456 atque
1541 411 1623 448 ideo
1645 412 1712 448 Ec-

206 469 354 506 clesiam
380 469 587 504 Romanam
626 467 663 502 in
703 479 776 512 qua
803 468 836 503 S.
862 468 963 504 Petri
989 480 1168 504 successor
1205 468 1339 504 residet
1373 470 1411 504 et
1445 470 1630 516 praesidet
1665 471 1711 507 ob

204 530 272 564 hoc
297 527 461 563 omnium
487 526 732 562 Ecclesiarum
758 528 916 562 matrem
941 528 979 563 et
1003 526 1223 573 magistram
1248 526 1444 572 agnoverit
1468 529 1506 563 et
1522 530 1711 575 agnoscat,

204 586 316 633 prout
341 585 451 630 hujus
476 596 620 628 quoque
645 584 796 620 Concilii
823 585 997 621 Vaticani
1022 585 1150 621 Patres
1176 585 1338 621 Sessione
1363 587 1390 621 I.
1424 587 1616 624 unanimes
1641 588 1712 624 fide

201 645 331 691 jurata
355 644 546 685 voverunt,
573 644 769 688 postquam
790 644 917 679 nostro
943 646 1107 688 tempore
1127 643 1270 679 inventi
1296 646 1383 679 sunt
1401 644 1516 681 etiam
1541 645 1714 682 catholici

205 703 269 748 qui
293 702 494 738 infallibile
519 701 775 748 magisterium
799 701 900 737 Petri
926 714 985 737 seu
1012 701 1200 738 Pontificis
1225 702 1384 738 Romani
1408 702 1447 738 in
1472 703 1626 739 dubium
1651 715 1714 740 vo-

206 763 334 797 carent
360 762 426 796 aut
450 760 561 806 plane
586 761 767 806 negarent
805 762 842 796 et
867 760 1089 806 impugnare
1125 760 1270 805 publice
1306 761 1413 797 editis
1448 761 1594 808 scriptis
1631 763 1713 797 ten-

206 823 331 856 tarent
355 821 467 864 atque
491 819 621 854 taliter
647 819 847 855 Ecclesiam
872 819 984 855 Petra
1016 819 1101 854 fidei
1133 831 1245 864 supra
1270 830 1382 863 quam
1408 819 1584 855 fundavit
1609 820 1713 856 Chri—

207 881 284 914 stus
308 877 507 914 Ecclesiam
544 889 648 912 suam
684 877 832 922 privare
870 877 1146 913 conniterentur
1162 906 1169 920 ‚
1206 889 1263 912 res
1301 877 1427 915 vitalis
1462 890 1531 923 pro
1553 877 1715 914 Ecclesia

206 937 341 973 Christi
375 939 430 972 est
470 938 511 972 ut
547 935 751 972 Concilium
786 937 855 972 hoc
880 936 1105 972 Vaticanum
1129 936 1390 981 professionem
1426 947 1532 971 suam
1564 937 1715 972 Decreto

207 996 383 1042 Synodali
408 996 528 1030 denuo
553 994 733 1030 enunciet.
779 994 822 1029 Id
838 996 963 1030 tamen
989 1006 1032 1030 ea
1049 995 1195 1030 ratione
1221 996 1258 1030 et
1281 994 1402 1030 forma
1428 995 1506 1037 fiat,
1532 995 1574 1030 ut
1591 1006 1715 1031 omnes

208 1053 348 1088 inimici
374 1053 486 1099 hujus
513 1051 680 1087 veritatis
707 1053 961 1088 desarmentur
998 1052 1092 1086 nihil
1117 1052 1295 1087 habentes
1322 1053 1420 1096 quod
1455 1052 1587 1088 contra
1620 1052 1717 1088 hanc

210 1112 406 1148 veritatem
431 1111 747 1146 fundamentalem
773 1111 937 1156 proferre
969 1110 1110 1156 possint
1138 1122 1257 1154 neque
1281 1111 1544 1156 praetextuare
1568 1111 1715 1148 vcleant

209 1170 414 1206 Catholicos
449 1168 757 1204 infallibilitatem
797 1168 1026 1213 personalem
1063 1168 1267 1203 humanam
1304 1168 1475 1204 Pontifici
1509 1168 1713 1204 attribuere

208 1240 363 1273 eumque
387 1228 564 1270 deificare,
592 1239 719 1263 verum
746 1227 841 1262 hanc
859 1226 1167 1262 infallibilitatem
1191 1238 1265 1262 esse
1285 1226 1484 1262 officiosam
1509 1226 1716 1273 magisterii

209 1288 287 1333 ejus
312 1298 406 1331 quae
430 1298 452 1321 a
477 1285 702 1322 revelatione
739 1297 761 1320 a
785 1286 858 1320 Deo
897 1286 1030 1320 Sancto
1058 1285 1168 1320 Petro
1206 1284 1325 1327 faeta,
1364 1285 1510 1320 Christo
1542 1285 1716 1327 testante,

209 1358 282 1381 non
308 1357 394 1381 caro
420 1346 457 1380 et
481 1344 633 1390 sanguis
658 1343 838 1380 revelavit
873 1343 943 1378 tibi
969 1344 1032 1378 sed
1057 1343 1167 1378 Pater
1203 1355 1303 1378 meus
1346 1343 1410 1387 qui
1445 1343 1485 1377 in
1521 1343 1628 1379 coelis
1652 1345 1717 1386 est,

209 1403 402 1445 inchoata,
437 1404 473 1438 et
498 1414 564 1447 per
589 1401 838 1437 assistentiam
863 1401 1000 1436 Christi
1036 1402 1072 1436 et
1099 1400 1256 1445 Spiritus
1283 1400 1409 1436 Sancti
1435 1400 1592 1446 Spiritus
1625 1401 1718 1436 veri-

211 1461 300 1497 tatis
326 1461 389 1506 qui
417 1462 526 1496 datus
552 1462 606 1496 est
632 1459 815 1495 Ecclesiae
857 1471 951 1504 quae
976 1471 1041 1504 per
1066 1459 1185 1504 Caput
1210 1471 1317 1493 suum
1341 1458 1556 1495 Pontificem
1583 1460 1718 1496 Roma-

210 1533 299 1556 num
325 1519 530 1555 annunciat
554 1519 663 1555 fidem
688 1521 725 1554 et
753 1520 951 1564 praecepta
976 1518 1123 1560 mundo,
1165 1517 1382 1553 continuata
1405 1518 1442 1552 et
1467 1517 1719 1554 continuanda

209 1579 263 1614 est
289 1589 400 1622 usque
426 1579 473 1613 ad
499 1576 627 1612 mundi
651 1577 772 1612 finem.
821 1576 990 1619 Haecque
1016 1575 1072 1610 est
1096 1576 1201 1619 petra
1226 1574 1311 1610 fidei
1343 1574 1543 1611 immobilis
1568 1586 1633 1620 per
1661 1575 1718 1610 in-

210 1637 477 1673 fallibilitatem
504 1638 540 1672 et
564 1636 645 1671 ideo
670 1634 906 1676 invincibilis,
933 1633 991 1669 cui
1016 1633 1154 1668 insistit
1180 1644 1252 1677 qua
1279 1633 1522 1669 fundamento
1546 1633 1719 1669 universa

211 1707 389 1742 compago
415 1694 596 1730 Ecclesiae
620 1705 714 1739 quae
747 1693 845 1729 dirui
873 1705 942 1728 non
979 1692 1094 1738 possit
1127 1692 1302 1736 quoniam
1328 1692 1486 1727 fundata
1519 1693 1574 1728 est
1606 1703 1716 1737 supra

211 1755 356 1790 firmam
381 1754 466 1790 fidei
490 1756 646 1798 petram.

309 1813 482 1848 Formula
508 1824 595 1847 vero
620 1812 765 1848 Decreti
789 1811 900 1857 hujus
926 1811 1126 1856 dogmatici
1154 1811 1274 1855 posset
1306 1820 1381 1844 esse
1407 1820 1578 1853 sequens:

310 1871 491 1915 Quoniam
511 1873 636 1907 nostro
653 1872 817 1915 tempore
835 1869 1065 1904 manifestati
1093 1869 1178 1903 sunt
1203 1866 1288 1902 falsi
1312 1867 1476 1903 doctores
1501 1867 1721 1913 decipientes

213 1931 357 1967 animas
383 1932 430 1966 ad
456 1942 538 1966 eam
563 1941 707 1974 quoque
733 1929 996 1965 auctoritatem
1023 1927 1253 1973 spiritualem
1271 1924 1506 1961 infallibilem
1531 1925 1722 1961 infirman-

214 1991 300 2025 dam
325 2001 437 2033 quam
465 1989 641 2024 Dominus
673 1989 709 2023 et
734 1989 829 2024 Deus
855 1989 978 2023 noster
1006 1987 1112 2022 Jesus
1137 1985 1302 2022 Christus
1328 1985 1498 2020 Salvator
1530 1983 1659 2019 mundi
1683 1983 1720 2019 in

217 2049 331 2084 Beato
355 2048 463 2084 Petro
490 2048 749 2093 Apostolorum
775 2046 947 2091 Principe
980 2045 1043 2090 qui
1075 2045 1113 2079 in
1152 2044 1225 2079 suis
1261 2041 1522 2078 successoribus
1547 2042 1723 2078 Romanis

215 2106 452 2142 Pontificibus
479 2117 618 2150 semper
646 2106 738 2140 vivit
763 2107 800 2141 et
821 2104 1003 2150 judicium
1037 2104 1178 2139 exercet
1204 2114 1311 2147 super
1344 2113 1452 2146 quem
1477 2114 1551 2146 qua
1574 2102 1722 2138 firmam

214 2164 297 2200 fidei
323 2164 469 2199 Petram
500 2162 710 2199 aedificavit
734 2162 932 2198 Ecclesiam
965 2173 1069 2196 suam
1103 2172 1170 2206 pro
1195 2159 1376 2196 Ecclesiae
1400 2160 1589 2206 omnisque
1614 2160 1724 2197 socie-

214 2222 304 2258 tatis
328 2223 514 2257 humanae
540 2222 658 2256 salute
683 2220 829 2257 disertis
855 2220 977 2255 verbis
1001 2218 1185 2260 instituit,
1225 2230 1246 2253 a
1272 2230 1345 2262 qua
1378 2231 1492 2265 genus
1518 2220 1723 2255 humanum

215 2281 414 2326 praecepta
440 2279 506 2314 Dei
531 2280 567 2314 et
593 2279 765 2313 veritates
791 2278 936 2313 divinas
961 2276 1152 2311 infallibili
1188 2276 1408 2313 certitudine
1433 2277 1534 2312 omni
1557 2278 1723 2323 tempore

215 2339 401 2385 percipere
425 2338 558 2384 possit:
586 2337 715 2372 Visum
751 2339 805 2371 est
845 2335 997 2380 Spiritui
1024 2336 1156 2370 Sancto
1195 2338 1230 2370 et
1269 2334 1353 2370 huic
1392 2336 1526 2371 Sancto
1562 2335 1723 2372 Concilio

218 2398 315 2433 hanc
340 2395 685 2442 perniciosissimam
727 2394 956 2439 impietatem
983 2392 1265 2427 fundamentum
1304 2393 1483 2429 Ecclesiae
1520 2393 1585 2429 Dei
1621 2405 1723 2430 ever-

216 2458 355 2491 tentem
381 2457 418 2491 et
442 2454 639 2490 infallibile
657 2452 914 2499 Magisterium
932 2453 1120 2487 Romanae
1138 2451 1318 2487 Ecclesiae
1336 2453 1487 2497 propter
1503 2452 1722 2488 residentem

216 2514 253 2549 in
279 2526 322 2550 ea
345 2515 489 2559 petram
516 2512 598 2548 fidei
621 2511 659 2546 in
686 2523 842 2557 persona
867 2510 1078 2546 successoris
1105 2510 1210 2546 Beati
1236 2510 1336 2545 Petri
1371 2510 1511 2545 Summi
1535 2510 1724 2547 Pontificis

216 2574 480 2618 pernegantem
506 2570 683 2607 detestari
707 2573 743 2606 et
770 2571 981 2605 decernere:
1022 2569 1058 2604 Si
1091 2568 1172 2612 quis
1208 2568 1340 2603 dixerit
1366 2568 1565 2604 Ecclesiam
1589 2570 1723 2605 Roma-

218 2642 305 2666 nam
344 2641 416 2665 non
458 2641 531 2665 esse
556 2630 715 2664 Matrem
741 2628 903 2664 omnium
930 2627 1172 2662 Ecclesiarmn
1209 2629 1245 2662 et
1272 2627 1493 2672 Magistram
1531 2630 1642 2672 atque
1680 2639 1723 2664 ex

217 2688 403 2724 Cathedra
428 2687 528 2723 Petri
552 2687 720 2723 Romana
757 2697 860 2732 posse
892 2685 1100 2722 doctrinam
1126 2686 1387 2721 heterodoxam
1425 2685 1461 2720 in
1497 2686 1604 2722 rebus
1640 2686 1724 2722 fidei

219 2749 255 2783 et
281 2759 425 2783 morum
451 2747 689 2792 pronunciari
726 2748 838 2791 atque
863 2746 1000 2781 mundo
1036 2745 1241 2791 praedicari
1278 2757 1351 2780 non
1389 2744 1562 2779 obstante
1584 2743 1724 2793 Cnristi

218 2808 255 2841 et
281 2805 439 2850 Spiritus
468 2805 592 2840 Sancti
620 2805 777 2850 Spiritus
815 2804 982 2840 veritatis
1016 2804 1080 2849 qui
1116 2805 1226 2840 datus
1251 2806 1305 2839 est
1331 2803 1511 2839 Ecclesiae
1547 2802 1724 2839 continua

218 2866 329 2908 atque
354 2865 535 2910 perpetua
560 2863 766 2900 assistentia
785 2892 792 2907 ,
827 2863 979 2908 ideoque
1015 2862 1152 2899 dixerit
1177 2863 1334 2898 Romani
1360 2861 1545 2898 Pontificis
1577 2861 1726 2898 decreta
