1812 3088
627 102 879 142 Aktenstiicke
903 106 1020 143 XIH*.
1477 116 1559 158 305

72 210 186 265 gerat
193 233 283 267 erga
299 220 485 267 opiniones
501 230 604 264 quae,
631 219 716 256 licet
732 232 859 270 revera
875 221 996 257 minus
1014 224 1202 269 probatae,
1227 238 1417 272 nunquam
1435 229 1561 265 tamen

70 277 274 315 formaliter
298 280 495 314 damnatae
531 277 682 313 fuerint.
729 279 832 322 ltem,
869 283 911 314 ut
948 280 1034 316 libri
1072 284 1260 319 auctorum
1288 285 1561 329 catholicorum,

69 336 108 371 in
132 337 263 382 quibus
287 349 424 373 errores
449 336 590 380 aliquos
613 336 801 382 irrepsisse
834 338 1014 380 evenerit,
1052 352 1125 375 non
1157 353 1248 385 pure
1280 343 1317 377 et
1349 343 1562 388 simpliciter

69 395 373 438 condemnentur,
411 395 536 431 eodem
560 395 668 429 modo
705 396 742 430 et
767 395 863 440 stylo
889 407 932 430 ac
956 397 1102 441 pessimi
1135 399 1331 444 impiorum
1360 402 1398 435 et
1421 401 1563 437 obscoe-

67 464 199 488 norum
225 453 413 489 hominum
437 453 536 494 libri,
563 453 784 488 adhibeatur
810 463 896 488 vero
921 454 1078 490 formula
1104 456 1230 500 aliqua
1255 458 1432 503 specialis,
1456 460 1560 505 cujus

68 522 135 556 ope
159 512 247 548 boni
270 511 428 548 nominis
465 512 537 547 viri
574 523 657 547 cum
681 511 882 547 infamibus
923 512 1159 558 scriptoribus
1186 515 1360 551 confundi
1396 528 1467 552 non
1506 518 1561 553 vi-

67 569 236 605 deantur.

570 677 622 712 De
646 676 835 713 revisendo
860 677 1057 714 Breviario.

157 746 368 792 Opportune
393 746 653 781 reformaretur
684 745 931 788 Breviarium;
971 747 1181 793 praecipue:
1220 750 1340 793 quoad
1376 750 1559 794 lectiones,

63 803 112 838 ab
137 803 298 839 historiis
323 804 542 850 apocryphis
570 816 643 840 non
667 804 757 839 satis
781 806 1023 850 expurgatas;
1061 807 1181 850 quoad
1214 807 1356 852 aliquot
1389 809 1556 854 hymnos,

61 863 157 908 stylo
181 863 333 898 obscuro
369 864 405 898 et
430 875 544 908 prope
569 863 728 898 barbaro
755 863 972 907 compositos
981 878 988 905 3
1027 864 1146 907 quoad
1179 865 1407 910 psalmorum
1431 867 1554 902 distri—

63 920 253 956 butionem
277 933 370 965 quae
388 922 506 967 magis
523 921 662 957 variari
679 921 846 962 deberet;
873 922 993 965 quoad
1015 921 1217 965 frequentes
1233 922 1353 965 nimis,
1379 923 1552 960 nimium·

62 989 133 1022 que
157 978 291 1015 dilatas
307 980 567 1015 translationes
586 980 822 1021 Sanctorum;
851 979 971 1023 quoad
989 979 1108 1024 ipsum
1125 981 1305 1016 delectum
1322 982 1551 1025 Sanctorum,

61 1047 217 1080 quorum
240 1038 351 1073 multi
367 1039 504 1074 Romae
519 1038 663 1083 proprii
680 1039 776 1080 sunt,
801 1038 838 1072 et
863 1039 969 1072 extra
986 1038 1140 1073 Romam
1156 1050 1288 1083 parum
1313 1040 1410 1082 noti;
1436 1042 1556 1085 quoad

62 1105 270 1131 mensuram
294 1095 507 1139 officiorum,
545 1109 639 1140 quae
676 1107 804 1141 saepe,
844 1096 882 1130 in
920 1095 1110 1131 dominicis
1145 1099 1360 1142 praesertim
1384 1100 1421 1134 et
1445 1099 1556 1142 feriis,

59 1153 441 1199 longioravidentur,
477 1157 514 1190 et
550 1155 665 1190 statui
689 1155 877 1200 praesenti
913 1154 1001 1190 cleri
1038 1155 1254 1198 saecularis,
1291 1157 1409 1192 multo
1434 1157 1555 1192 minus

59 1218 171 1255 quam
197 1212 283 1247 olim
308 1214 499 1255 numerosi,
526 1214 749 1259 proindeque
774 1213 893 1259 magis
921 1214 1104 1259 occupati,
1139 1226 1212 1250 non
1236 1214 1326 1250 satis
1351 1227 1554 1251 accommo-

61 1269 162 1304 data.
185 1269 210 1313 ¹)

638 1342 689 1377 De
716 1341 968 1387 indulgentiis.

152 1413 256 1449 Circa
279 1412 532 1458 indulgentias
567 1413 656 1448 haec
688 1413 861 1458 prudenti
887 1413 921 1448 S.
947 1412 1132 1448 Pontificis
1164 1412 1302 1458 judicio
1335 1412 1551 1450 submittere

58 1471 185 1507 liceat:

151 1529 416 1576 Indulgentiae,
455 1542 537 1564 cum
574 1530 680 1565 valde
705 1530 974 1574 multiplicatae
1000 1529 1093 1572 sint,
1132 1541 1248 1565 novae
1283 1529 1404 1564 minus
1443 1530 1551 1565 facile

53 1589 301 1626 concedendae
325 1590 454 1624 essent.
502 1589 697 1623 Serventur
723 1589 859 1633 gradus
883 1589 919 1622 et
952 1588 1140 1632 proportio
1172 1588 1268 1623 inter
1301 1600 1412 1633 opera
1445 1600 1549 1633 prae-

52 1649 189 1694 scripta
213 1650 250 1683 et
267 1646 512 1691 quantitatem
538 1646 752 1691 gratiarum.
800 1647 839 1680 In
860 1646 969 1680 bullis
994 1648 1030 1681 et
1047 1645 1217 1680 brevibus
1233 1646 1549 1692 indulgentiarum

53 1707 251 1752 prudenter
277 1705 324 1740 ab
349 1704 422 1739 illis
447 1705 567 1740 verbis
584 1704 815 1739 abstineatur
836 1705 967 1748 quibus
992 1704 1130 1739 indocti
1147 1704 1270 1739 forsan
1295 1704 1546 1750 intelligerent

53 1777 127 1800 non
150 1775 285 1809 poenas
309 1763 468 1804 tantum,
495 1763 554 1797 sed
580 1764 617 1797 et
642 1762 723 1807 ipsa
748 1764 900 1806 peccata
925 1773 988 1806 per
1013 1761 1262 1806 indulgentias
1287 1762 1438 1798 remitti.
1486 1763 1546 1797 In-

51 1822 263 1868 dulgentiae
287 1822 479 1866 praeterea
504 1821 625 1855 certae
649 1820 742 1855 sint:
780 1821 827 1854 ad
864 1831 971 1864 quem
996 1821 1104 1854 finem
1136 1821 1306 1855 exaretur
1339 1832 1362 1856 a
1387 1821 1422 1856 S.
1455 1820 1547 1856 Con-

53 1881 269 1927 gregatione
294 1880 461 1915 elenchus
486 1878 649 1915 omnium
674 1878 989 1923 indulgentiarum
1014 1877 1261 1923 generalium,
1295 1889 1547 1914 concessarum

51 1940 88 1974 et
112 1938 328 1984 vigentium,
356 1938 458 1983 cujus
482 1937 623 1973 elenchi
646 1937 896 1972 traductiones
921 1936 959 1970 in
985 1936 1098 1971 variis
1122 1936 1259 1981 linguis
1285 1948 1306 1971 a
1325 1937 1358 1971 S.
1384 1936 1543 1981 Congre-

52 1997 200 2042 gatione
225 1997 486 2041 approbandae
509 1997 637 2037 essent,
666 2007 747 2030 cuin
765 1994 965 2036 sanatione,
992 1995 1040 2029 ad
1057 1995 1250 2036 cautelam,
1277 2006 1343 2039 pro
1361 1993 1545 2030 erroribus

50 2067 140 2099 quos
163 2055 202 2089 in
227 2054 284 2089 his
307 2054 466 2099 irrepere
490 2054 551 2088 vix
577 2054 697 2089 caveri
721 2055 851 2098 potest.

144 2113 465 2158 Supprimerentur
491 2113 691 2156 praeterea,
719 2113 785 2153 vel,
814 2113 996 2156 quantum
1020 2111 1098 2146 fieri
1118 2109 1263 2155 poterit,
1290 2111 1544 2146 minuerentur

48 2170 262 2206 innumerae
285 2170 370 2205 illae
396 2171 432 2204 et
456 2169 652 2205 facillimae
675 2169 858 2204 nullitatis
895 2181 1036 2211 causae,
1075 2180 1137 2213 per
1162 2180 1250 2212 quas
1287 2169 1330 2203 fit
1354 2169 1396 2202 ut
1419 2168 1543 2203 indul-

49 2228 196 2273 gentiae
220 2228 362 2273 saepius
387 2227 594 2268 irritentur,
623 2227 814 2270 fidelesque
838 2227 875 2260 in
902 2238 1060 2262 errorem
1078 2226 1265 2268 labantur,
1293 2227 1381 2260 dum
1405 2226 1544 2270 putant

48 2297 85 2321 se
109 2286 243 2321 lucrari
267 2285 540 2331 indulgentias,
579 2297 669 2329 quas
705 2296 833 2320 revera
870 2297 943 2320 non
980 2285 1184 2319 lucrantur.
1233 2283 1309 2318 Hoc
1345 2282 1541 2328 praecipue

46 2343 167 2379 locum
191 2344 308 2402 habet⁴
326 2343 364 2378 in
388 2343 630 2389 indulgentiis
668 2344 714 2378 ab
741 2342 1221 2379 Archiconfraternitatibus
1251 2340 1541 2383 communicatis,

47 2413 140 2446 quae
175 2413 305 2447 nempe
340 2403 557 2447 plerumque
595 2402 719 2437 nullae
756 2403 849 2436 fiunt
886 2402 931 2437 ob
969 2401 1155 2446 neglectas
1190 2399 1228 2433 in
1263 2398 1542 2434 affiliationibus

148 2541 170 2580 1)
196 2546 242 2575 Cf.
270 2547 440 2576 Postulata
467 2546 585 2575 Concil.
611 2546 696 2575 Trid.
725 2546 906 2585 proposita:

141 2593 241 2621 »Tam
265 2593 435 2628 breviaria,
474 2602 569 2631 quam
596 2593 740 2622 missalia
766 2593 968 2622 reformanda
994 2593 1121 2627 essent,
1157 2593 1189 2619 et
1214 2589 1412 2629 purganda.«
1465 2587 1538 2625 (Po-

46 2639 157 2667 stulat.
184 2640 343 2668 variorum
369 2639 487 2678 Episc.)

145 2685 250 2714 »Libri
274 2686 432 2721 Missales,
458 2686 646 2720 Graduales,
673 2685 909 2723 Antiphonarii‚
936 2684 1106 2721 Legendae
1139 2686 1172 2712 et
1197 2682 1362 2711 Breviaria
1386 2681 1535 2718 religiose

43 2734 77 2760 et
101 2731 272 2769 diligenter
297 2733 550 2769 recognoscenda
575 2735 607 2761 et
635 2732 860 2770 expurganda:
893 2731 1076 2770 apocrypha
1103 2729 1332 2769 expungenda:
1367 2728 1536 2766 prolixitas

43 2777 189 2807 taediosa
225 2779 258 2807 in
282 2779 417 2808 horariis
444 2779 590 2818 precibus
628 2781 660 2807 et
684 2778 872 2817 psalmodia,
905 2777 1016 2806 habito
1042 2777 1178 2811 delectu,
1205 2775 1413 2804 resecanda«
1464 2771 1537 2809 (Po-

43 2825 155 2854 stulat.
181 2825 263 2864 Imp.
289 2824 408 2862 Germ.)

99 2887 169 2915 Fri
181 2888 282 2916 edbe
293 2896 355 2922 rg‚
386 2889 616 2916 Aktenstiieke.
1214 2874 1256 2909 20
