1812 3088
604 91 858 129 Aktenstiicke
882 92 1000 128 X1v*.
1459 95 1507 134 31
1518 94 1540 134 5

777 209 822 242 V.

145 270 277 305 Forma
299 279 483 313 processus
508 267 672 302 canonici
697 267 803 302 hodie
829 266 869 301 in
887 266 1037 302 diversis
1054 266 1273 302 dioecesibus
1290 266 1397 302 valde
1420 264 1546 301 existit

53 328 219 369 diversa;
245 339 357 372 quare
381 325 585 360 humillime
610 325 788 370 petimus,
825 325 866 359 ut
891 327 991 360 certa
1016 325 1135 360 forma
1159 325 1294 368 ubique
1319 324 1546 360 observanda

51 388 89 421 et
113 386 260 431 quidem
292 384 491 420 summaria
521 383 807 428 praescribatur.
857 383 950 425 Quia
984 385 1108 418 autem
1132 383 1171 417 in
1198 394 1345 428 corpore
1367 382 1462 428 juris
1486 393 1545 416 ca-

50 443 172 480 nonici
197 443 381 489 permulta
404 441 642 476 inveniantur
676 441 920 486 praescripta,
959 452 1051 484 quae
1083 441 1121 474 in
1155 439 1445 485 praesentiarum
1470 451 1544 474 non

51 494 210 546 amplius
235 500 372 536 habent
396 499 570 544 vigorem,
596 498 755 534 maxime
780 500 984 543 optandum
1012 500 1077 541 est,
1105 501 1147 533 ut
1171 511 1267 535 nova
1293 498 1456 534 collectio
1480 498 1545 533 fiat

34 571 177 595 eorum
201 570 396 600 canonum,
433 558 496 601 qui
520 557 640 592 adhuc
665 557 793 602 vigent
819 556 957 592 omissis
981 555 1160 598 omnibus,
1187 556 1250 600 qui
1270 556 1350 602 jam
1375 554 1545 601 abrogati

51 629 124 652 esse
158 617 432 663 dignoscuntur.
480 614 676 659 Propterea
707 613 913 648 humillime
945 613 1121 657 petimus,
1155 615 1197 648 ut
1230 614 1263 648 S.
1298 613 1463 658 Synodus
1496 611 1544 647 ad

55 674 330 710 Sanctissimum
348 673 497 707 Patrem
525 671 665 717 dirigat
689 671 902 716 supplicam,
928 673 1108 714 quatenus
1133 672 1179 706 ad
1197 671 1436 717 redigendam
1451 671 1546 716 ejus-

53 733 152 768 modi
178 732 237 767 SS.
262 731 449 767 Canonum
473 742 610 765 novam
645 730 893 764 collectionem
920 729 1015 764 viros
1049 728 1189 773 aliquos
1220 728 1457 774 peritissimos
1486 728 1547 764 de-

54 791 187 834 putare
211 789 396 835 dignetur.

770 894 831 929 VI.

145 963 375 999 Breviariimi
392 963 598 998 Romanum
624 963 809 998 nonnullis
835 963 921 998 locis
939 964 1119 1007 quaedam
1144 963 1318 1004 continet,
1344 973 1436 1006 quae
1461 972 1542 996 cum

50 1022 203 1058 historia
229 1023 327 1057 certa
352 1022 422 1057 fide
446 1022 561 1067 digna
584 1023 622 1057 et
645 1034 735 1057 sana
754 1023 787 1057 S.
807 1021 1015 1066 Scripturae
1031 1021 1172 1066 exegesi
1196 1032 1267 1056 non
1295 1019 1443 1056 omnino
1460 1031 1544 1054 con-

51 1080 175 1115 venire
192 1079 378 1120 videntum
405 1091 517 1122 quare
538 1079 704 1124 petimus,
733 1081 774 1115 ut
798 1080 844 1115 ad
870 1080 1103 1125 corrigendos
1129 1078 1308 1124 ejusmodi
1332 1078 1427 1113 locos
1453 1089 1543 1112 non-

52 1137 172 1172 nullos
197 1135 426 1172 Breviariuni
451 1136 624 1171 revisioni
659 1139 852 1172 accuratae
887 1137 1114 1183 subjiciatur.
1164 1136 1350 1180 Simulque
1374 1135 1545 1180 petimus,

55 1196 97 1229 ut
113 1193 369 1229 Sacerdotibus
385 1194 515 1229 saltem
542 1194 678 1229 curatis
696 1194 947 1239 permittatur,
975 1194 1135 1230 officium
1159 1194 1384 1229 matutinum
1408 1203 1547 1237 semper

54 1252 100 1287 ab
125 1253 216 1287 hora
241 1251 492 1296 pomeridiana
517 1253 673 1288 secunda
697 1253 935 1298 anticipando
960 1253 1130 1294 recitare,
1166 1252 1253 1295 quia
1284 1253 1409 1296 postea
1441 1261 1547 1295 saepe

50 1309 132 1344 aliis
157 1308 405 1344 functionibus
431 1310 503 1345 suis
528 1311 687 1345 muneris
713 1311 974 1356 impediuntur.

759 1417 838 1451 VH.

147 1486 340 1521 Decretum
366 1487 399 1522 S.
423 1487 576 1523 Concilii
601 1488 806 1523 Tridentini
832 1489 875 1523 de
899 1499 1075 1523 concursu
1099 1499 1166 1532 pro
1191 1486 1373 1532 parochiis
1398 1483 1546 1530 speciali

51 1543 279 1580 instituendo
304 1545 342 1579 in
367 1546 493 1580 multis
518 1546 757 1591 amplioribus
790 1546 1010 1582 dioecesibus
1035 1557 1225 1590 nunquam
1255 1544 1294 1579 in
1327 1555 1432 1578 usum
1463 1553 1545 1587 per-

50 1601 163 1643 venit,
187 1601 226 1636 in
249 1602 376 1637 multis
400 1603 482 1638 aliis
509 1605 631 1639 autem
652 1605 732 1650 jam
751 1605 977 1649 approbante
998 1605 1028 1638 S.
1049 1604 1137 1638 Sede
1154 1602 1365 1648 Apostolica
1383 1601 1545 1646 ejusdem

50 1659 128 1694 loco
151 1659 259 1695 hodie
280 1672 473 1696 concursus
499 1662 678 1707 generalis
704 1662 751 1697 ad
769 1662 1033 1706 explorandam
1051 1660 1240 1695 scientiam
1256 1661 1293 1694 et
1309 1658 1545 1703 omnigenam

50 1717 288 1753 idoneitatem
314 1719 567 1757 Sacerdotum.
604 1720 667 1764 qui
700 1720 747 1754 ad
773 1719 966 1764 parochiae
991 1731 1122 1754 munus
1147 1717 1350 1763 adspirant,
1377 1717 1546 1751 habetur.

50 1775 248 1820 Propterea
271 1776 446 1821 petimus,
480 1779 522 1812 ut
554 1777 646 1812 illud
676 1779 698 1813 S
735 1777 885 1813 Concilii
911 1776 1116 1812 Tridentini
1150 1777 1337 1810 decretum
1370 1773 1545 1809 revisioni

50 1832 301 1876 submittatur,
327 1835 364 1868 et
389 1846 431 1870 ea
454 1835 630 1870 examinis
656 1836 731 1871 sive
756 1847 949 1871 concursus
974 1846 1103 1870 norma
1128 1833 1417 1879 praescribatur,
1451 1843 1545 1876 quae

56 1891 192 1935 ubique
217 1893 339 1928 valeat
364 1904 406 1928 ac
430 1893 561 1928 debeat
585 1894 782 1930 observari.

753 1998 851 2032 VIII.

143 2066 296 2111 Propter
320 2068 537 2112 gravissima
563 2069 800 2110 detrimenta,
836 2068 967 2112 quibus
1000 2079 1063 2112 per
1092 2067 1186 2113 juris
1216 2067 1433 2112 patronatus
1458 2065 1544 2100 laici

51 2124 206 2158 abusum
224 2125 321 2160 salus
338 2125 545 2161 animarum
562 2138 668 2171 saepe
685 2126 855 2167 afficitur,
880 2125 1047 2170 petimus,
1072 2126 1115 2159 ut
1134 2124 1274 2160 meliori
1292 2123 1420 2168 quovis
1437 2124 1544 2159 modo

49 2181 136 2216 huic
159 2182 256 2217 malo
273 2184 413 2219 medela
430 2184 618 2219 afferatur.
667 2184 770 2227 Quod
788 2184 941 2219 fortasse
958 2183 1035 2218 fieri
1051 2185 1172 2228 potest
1186 2195 1250 2228 per
1266 2178 1544 2228 praescriptum,

50 2240 93 2273 ut
116 2241 294 2284 patronus
319 2242 433 2277 laicus
457 2242 553 2278 inter
577 2245 650 2278 tres
673 2243 720 2278 ab
738 2242 932 2278 Ordinario
951 2242 1195 2287 designandos
1213 2241 1424 2276 Sacerdotes
1441 2251 1546 2284 prae-

50 2298 270 2332 sentandum
294 2300 426 2345 eligere
449 2302 630 2336 teneatur.

312 2398 321 2413 ‘
772 2405 834 2438 IX.

150 2474 201 2508 Ut
225 2473 441 2519 gravissima
466 2474 583 2516 mala,
618 2485 711 2518 quae
744 2485 787 2508 ex
814 2474 892 2509 vita
926 2473 1059 2510 vitiosa
1090 2477 1126 2510 et
1159 2475 1371 2510 scandalosa
1397 2471 1544 2518 parochi

52 2532 280 2576 aliorumque
306 2532 543 2568 Sacerdotum
567 2533 606 2567 in
631 2533 807 2577 populum
832 2533 974 2567 fidelem
999 2533 1218 2574 redundant,
1245 2531 1387 2567 facilius
1412 2529 1544 2566 evitari

51 2590 109 2624 vel
134 2590 252 2625 averti
277 2590 427 2635 possint,
452 2590 629 2634 petimus,
664 2592 706 2624 ut
729 2590 826 2624 inter
850 2601 974 2624 causas
998 2589 1215 2634 privationis
1240 2588 1404 2624 beneficii
1429 2587 1545 2623 curati

51 2647 233 2692 legitimas
258 2651 509 2683 assmnantur:
543 2648 696 2693 simplex
730 2647 924 2682 fornicatio
949 2647 1110 2689 notoria,
1143 2648 1405 2683 concubinatus
1431 2645 1548 2681 mani-

52 2705 185 2747 festus,
222 2706 378 2741 ebrietas
412 2718 477 2741 nec
510 2718 583 2741 non
619 2705 864 2750 prodigalitas
897 2705 1157 2750 incorrigibilis
1189 2708 1300 2749 atque
1324 2704 1546 2740 scandalosa.

53 2763 196 2798 Pariter
220 2765 398 2808 petimus,
434 2767 477 2801 ut
501 2765 739 2810 permittatur
763 2764 958 2799 translatio
981 2764 1132 2809 parochi
1158 2776 1228 2799 non
1255 2761 1465 2798 voluntaria
1489 2761 1545 2796 vel

53 2821 218 2872 dimissio
239 2834 319 2857 cum
345 2823 517 2868 pensione
543 2835 725 2868 congrua,
762 2822 901 2866 quoties
928 2834 992 2867 per
1028 2821 1248 2859 sententiam
1273 2821 1348 2857 sive
1371 2832 1436 2867 per
1461 2821 1549 2857 vota
