1812 3088
600 104 855 143 Aktenstficke
881 107 980 143 XV*.
1451 112 1500 151 31
1510 113 1533 151 7

769 222 816 256 II.

519 279 571 314 De
595 278 815 314 Clericorum
840 279 1064 314 Seminariis.

133 337 335 375 Seminaria
359 337 398 372 in
434 335 560 380 Belgio
593 336 724 371 florent
757 336 887 372 studiis
915 339 951 371 et
976 348 1062 372 vera
1094 337 1251 382 pietate,
1288 349 1331 372 ex
1365 349 1406 373 eo
1440 337 1536 381 quod

38 397 180 433 alumni
205 395 425 431 humaniora
450 393 628 428 discentes
654 393 858 429 educantur
885 394 924 428 in
949 394 1092 437 minori,
1125 397 1165 430 ut
1192 395 1314 431 vocari
1340 395 1449 438 solet,
1476 395 1535 430 Se·

39 454 207 497 minario,
233 454 331 489 veste
355 453 518 488 modesta
542 463 615 486 non
640 452 766 487 tamen
791 463 938 496 prorsus
963 452 1120 488 clericali
1147 453 1278 496 induti,
1306 453 1455 488 omnino
1481 464 1534 488 se-

41 513 167 558 parati
199 511 246 546 ab
270 510 439 546 Alumnis
473 509 536 553 qui
569 509 770 553 disciplinis
802 510 1015 555 theologicis
1050 511 1282 546 incumbunt.
1331 511 1379 545 Hi
1411 511 1536 546 autem

39 571 87 606 ad
113 569 256 606 ordines
281 580 354 604 non
381 567 641 609 admittuntur,
669 569 869 611 antequam
891 580 955 612 per
973 569 1122 614 longum
1149 571 1304 615 tempus,
1332 581 1447 604 annos
1472 568 1538 603 sci-

38 627 125 664 licet
147 629 221 664 tres
245 627 303 662 vel
327 627 495 670 quatuor,
520 624 560 659 in
585 625 760 661 Convictu
779 626 970 661 Seminarii
995 627 1100 671 quasi
1124 628 1163 662 in
1189 627 1375 663 novitiatu
1399 626 1536 662 ordinis

43 684 276 721 ecclesiastici
303 683 473 719 vixerint.

59 737 66 742 ⁵
131 742 344 778 Postulatur
374 742 500 786 itaque
523 743 565 776 ut
589 742 656 777 hoc
680 742 969 777 Seminariorum
1001 743 1164 788 regimen
1190 744 1436 788 approbetur,
1475 742 1532 777 vel

43 801 174 836 saltem
201 800 303 836 nullo
328 799 436 835 modo
460 799 705 844 improbetur-3
736 800 990 845 improbatum
1015 801 1141 845 utique
1168 801 1353 838 videretur
1378 801 1408 836 si
1442 801 1539 835 nude

43 858 271 904 praescripta
295 857 447 893 Concilii
473 857 680 893 Tridentini
704 859 748 892 de
773 858 983 894 Seminariis
1006 859 1290 895 inculcarentur.

206 1021 258 1057 De
282 1019 477 1056 collatione
501 1019 733 1055 ecclesiarum
758 1019 1025 1064 parochialium
1051 1022 1088 1054 et
1112 1021 1384 1057 succursalium.

139 1093 169 1126 1.
194 1091 393 1127 Concursus
418 1090 465 1125 ad
483 1089 595 1124 Curas
620 1089 822 1134 pastorales
846 1089 884 1123 in
902 1089 1029 1134 Belgio
1054 1089 1104 1124 sic
1129 1090 1334 1125 ordinatur.
1383 1092 1539 1138 Presby-

41 1151 112 1187 teri
135 1151 175 1185 in
200 1161 343 1185 sacrum
367 1148 612 1183 ministerium
646 1148 745 1183 missi
770 1149 828 1183 vel
863 1149 910 1184 ad
943 1148 1145 1183 docendam
1170 1148 1453 1186 adolescentiam
1478 1151 1538 1185 de—

42 1208 186 1254 putati,
221 1206 374 1252 singulis
411 1206 517 1241 annis
543 1207 600 1241 vel
633 1206 789 1242 bienniis
822 1206 860 1241 in
887 1205 1089 1242 Seminario
1119 1208 1393 1251 congregantur
1416 1209 1453 1242 et
1477 1219 1541 1252 per

43 1278 194 1303 examen
219 1266 259 1300 in
285 1264 449 1309 scriptis,
485 1264 581 1308 quod
614 1264 719 1308 quasi
743 1265 944 1300 Concursus
977 1264 1158 1309 appellari
1190 1266 1327 1309 potest,
1364 1277 1470 1300 suum
1502 1265 1540 1300 in

44 1324 212 1360 doctrina
236 1335 339 1359 sacra
369 1334 601 1368 progressum
635 1322 807 1367 probant.
855 1323 1016 1358 Examen
1048 1322 1141 1356 illud
1165 1334 1226 1357 seu
1251 1323 1451 1358 Concursus
1475 1335 1540 1367 per

43 1382 220 1428 plurimos
244 1393 358 1417 annos
383 1382 513 1422 durat,
546 1382 583 1416 et
607 1380 644 1415 vi
676 1381 786 1426 hujus
811 1381 1050 1416 nominantur
1076 1382 1330 1416 concurrentes
1354 1381 1401 1415 ad
1427 1381 1541 1417 Curas

43 1440 244 1485 pastorales
262 1451 354 1484 quae
371 1439 596 1475 vacaverint.
644 1439 738 1474 Hinc
755 1439 918 1483 sequitur
936 1440 1143 1475 Sacerdotes
1162 1451 1232 1475 non
1247 1440 1395 1474 tantum
1420 1440 1540 1483 semel,

43 1500 87 1534 ut
110 1499 276 1544 Synodus
302 1497 517 1532 Tridentina
541 1497 714 1541 requirit,
750 1497 811 1532 sed
836 1498 947 1532 sexies
972 1498 1038 1532 aut
1063 1497 1175 1532 etiam
1200 1496 1314 1531 decies
1338 1497 1541 1541 periculum

44 1556 163 1592 facere
196 1567 282 1591 suae
306 1555 526 1600 aptitudinis
551 1556 598 1590 ad
624 1567 756 1590 munus
788 1556 984 1600 pastorale.
1033 1555 1149 1590 Curae
1183 1557 1306 1590 autem
1339 1555 1542 1600 pastorales

45 1614 282 1649 conferuntur
308 1612 460 1648 attentis
485 1613 703 1648 testimoniis
719 1614 963 1658 parochorum
988 1614 1025 1648 et
1042 1614 1262 1648 decanorum
1287 1613 1383 1648 circa
1408 1624 1537 1656 mores,

48 1671 241 1717 pietatem,
275 1671 392 1706 zelum
419 1673 455 1706 et
480 1671 713 1715 prudentiam
741 1671 1039 1714 Candidatorum,
1073 1683 1166 1716 quae
1194 1671 1402 1707 testimonia
1427 1671 1541 1706 etiam

47 1741 111 1775 per
134 1730 257 1774 plures
282 1740 395 1764 annos
420 1730 505 1764 sunt
529 1730 744 1774 repetenda;
773 1729 828 1764 ita
856 1731 898 1764 ut
922 1730 970 1765 sit
994 1729 1176 1765 certitudo
1201 1729 1410 1765 omnimoda
1435 1729 1543 1764 meri-

47 1790 170 1824 torum
204 1787 457 1832 promovendi,
492 1788 588 1831 quod
620 1787 747 1831 utique
772 1788 887 1823 menti
913 1787 1049 1833 Synodi
1075 1786 1311 1823 Tridentinae
1341 1789 1395 1822 est
1428 1799 1541 1831 quam

49 1846 207 1882 maxime
231 1845 425 1881 conforme.

142 1903 353 1939 Postulatur
386 1903 511 1947 itaque
545 1915 589 1938 ne
615 1904 703 1948 quid
730 1904 768 1938 in
794 1903 953 1939 Decretis
986 1905 1173 1939 statuatur
1204 1916 1275 1948 quo
1305 1905 1393 1939 haec
1420 1903 1545 1949 praxis

48 1961 290 2007 impediatur;
316 1961 400 2003 imo,
426 1964 470 1997 ut
494 1961 650 2004 videtur,
676 1962 765 1998 haec
789 1961 982 2006 disciplina
1007 1974 1080 1997 non
1098 1974 1230 2007 parum
1247 1962 1434 2007 prodesset
1459 1961 1542 1997 aliis

51 2020 285 2056 dioecesibus.

145 2079 177 2113 2.
203 2078 330 2121 Quoad
354 2077 530 2112 Ecclesia-s
555 2078 783 2120 sucoursales,
816 2078 1024 2122 postulatur
1049 2078 1091 2112 ut
1115 2076 1247 2112 decisio
1273 2077 1363 2111 data
1390 2087 1412 2110 a
1436 2076 1470 2110 S.
1497 2077 1545 2110 M.

52 2137 226 2183 Gregorio
242 2137 338 2171 XVI.
363 2136 540 2180 Episcopo
569 2136 763 2178 Leodiensi,
790 2136 886 2170 circa
903 2136 1079 2180 parochos
1104 2134 1386 2175 succursalistas‚
1412 2135 1456 2169 ut
1482 2146 1545 2169 vo-

53 2198 194 2237 cantur,
220 2195 452 2230 conservetur
477 2196 513 2228 et
539 2194 784 2230 confirmetur.
834 2193 1034 2238 Disciplina
1061 2194 1167 2235 haec,
1201 2193 1248 2227 ab
1273 2191 1378 2227 annis
1402 2191 1477 2227 fere
1502 2194 1545 2227 70

53 2254 197 2299 vigens,
231 2251 303 2287 fuit
335 2251 530 2286 utilissima
554 2254 591 2287 et
615 2252 827 2287 etiamnunc
852 2254 907 2287 est
931 2251 1142 2287 necessaria.
1191 2250 1300 2286 Bonis
1325 2252 1361 2285 et
1385 2250 1455 2295 piis
1482 2251 1545 2285 Sa-

54 2310 260 2346 cerdotibus
276 2311 330 2344 est
346 2309 574 2354 perjucunda
584 2324 591 2351 3
617 2310 744 2354 paucis
761 2311 978 2354 quandoque
996 2309 1140 2344 discolis
1158 2308 1282 2343 odiosa
1298 2320 1411 2351 quum
1429 2308 1547 2353 magis

54 2368 242 2404 attendere
266 2368 462 2412 teneantur
486 2379 532 2402 ne
556 2380 679 2403 eorum
705 2368 798 2403 vitia
821 2369 971 2403 tandem
995 2366 1194 2411 aliquando
1219 2377 1282 2411 per
1302 2365 1545 2401 mutationem

55 2425 224 2462 stationis
250 2425 307 2460 vel
330 2425 593 2469 depositionem
619 2425 834 2471 puniantur.

775 2531 839 2565 IV.

564 2590 616 2624 De
642 2589 787 2635 Synodo
813 2588 1045 2624 Dioecesana.

147 2660 313 2706 synodus
329 2660 550 2695 Dioecesana
577 2670 698 2694 annue
723 2658 900 2694 celebrari
923 2659 1043 2703 potest
1066 2658 1104 2693 et
1128 2656 1320 2692 utilissime
1345 2653 1549 2691 celebratur

58 2719 95 2753 in
120 2718 257 2763 Belgio,
283 2718 371 2752 dum
397 2716 515 2762 apices
535 2716 630 2761 juris
654 2728 727 2751 non
752 2717 900 2751 omnino
924 2715 1062 2751 servari
1083 2715 1227 2757 debent,
1254 2724 1319 2748 nec
1344 2725 1465 2749 omnes
1491 2714 1550 2749 de-

59 2777 170 2812 beant
195 2775 316 2811 vocari
341 2774 404 2819 qui
428 2786 554 2810 curam
579 2774 717 2809 habent
741 2774 959 2809 animarum.

154 2833 366 2868 Postulatur
391 2833 506 2877 igitur
532 2834 574 2868 ut
600 2833 744 2868 decreto
770 2833 813 2867 de
833 2832 978 2878 Synodo
995 2832 1209 2868 dioecesana
1232 2831 1320 2866 haec
1346 2831 1550 2866 addantur:
