1812 3088
198 86 280 125 306
834 79 1059 127 Nachtrkige.

196 199 340 243 aliquas
364 209 407 233 ex
433 196 559 232 multis
583 197 621 231 et
645 208 778 241 parum
811 196 908 233 notis
940 196 1248 240 formalitatibus,
1277 208 1387 242 quae,
1420 198 1488 234 sub
1511 201 1699 238 nullitatis

194 269 323 302 poena,
350 268 372 292 a
397 249 582 291 Clemente
607 254 695 290 VIII
719 255 971 301 praescriptae
998 257 1096 290 sunt.

286 314 530 350 Provideatur
547 314 706 356 demum,
732 313 762 348 si
786 313 863 349 fieri
880 313 1006 359 possit⁷
1033 315 1077 349 de
1104 314 1229 359 aliquo
1246 316 1407 352 remedio
1432 317 1610 362 generali,
1636 329 1702 363 per

194 374 291 419 quod
309 372 550 408 subveniatur
567 372 746 415 fidelibus,
773 373 955 416 quatenus
972 385 1047 408 non
1071 373 1275 418 priventur,
1302 374 1379 410 sine
1395 375 1472 410 ulla
1498 387 1564 411 sua
1581 376 1701 421 culpa,

194 433 317 467 fructu
343 431 674 476 indulgentiarum,
713 443 804 475 quas
831 432 928 466 bona
953 432 1023 466 fide
1048 432 1184 467 lucrari
1209 433 1403 476 nituntur,
1441 437 1479 470 et
1503 445 1616 478 quae,
1655 437 1702 471 ob

193 502 343 526 causam
367 490 532 535 aliquam
558 490 752 533 nullitatis,
793 501 888 534 quae
925 489 1022 536 ipsos
1060 503 1209 536 prorsus
1244 491 1356 534 latet,
1393 492 1518 528 valore
1549 505 1615 529 suo
1641 494 1702 528 de-

193 548 412 584 stituuntur.
431 550 456 594 ¹)

195 643 253 678 An
279 642 475 678 conveniat
499 643 597 688 leges
614 642 864 678 abstinentiae
887 644 924 678 et
943 643 1079 689 jejunii
1105 644 1152 678 ad
1178 643 1379 687 quamdam
1404 644 1699 681 uniformitatem

660 701 794 744 reduci,
820 701 879 737 vel
903 701 1018 737 etiam
1042 701 1220 747 mitigari.

287 772 441 807 Constat
477 783 538 806 eas
575 771 756 808 Ecclesiae
791 773 890 818 leges
930 784 1024 816 quae
1061 773 1108 807 ad
1146 772 1412 808 abstinentiam
1446 774 1700 820 jejuniumque

195 832 374 876 spectant,
401 843 475 866 non
501 831 637 873 eodem,
665 831 727 866 sed
753 831 861 867 valde
887 831 1031 867 diverso
1056 831 1165 867 modo
1198 831 1236 866 in
1263 832 1379 868 variis
1403 833 1616 879 regionibus
1641 834 1700 869 ob-

195 890 347 926 servari.

287 947 440 984 Constat
464 948 587 990 etiam,
613 947 788 983 luctuosis
813 947 910 982 hisce
934 948 1070 983 nostris
1094 947 1333 993 temporibus,
1359 960 1484 992 novas,
1520 961 1587 985 nec
1611 962 1697 996 par-

195 1018 271 1049 vas,
298 1006 422 1042 adesse
453 1006 693 1042 difficultates
728 1006 897 1052 integrae
933 1007 1097 1042 istorum*
1126 1008 1409 1052 praeceptorum
1444 1009 1705 1053 observationi,

194 1065 290 1101 unde
314 1065 357 1100 fit
381 1067 423 1100 ut
448 1065 591 1110 saepius
616 1077 690 1101 non
714 1065 957 1110 particulares
983 1066 1152 1108 tantum,
1181 1066 1243 1101 sed
1268 1065 1382 1101 etiam
1406 1068 1595 1112 generales
1621 1067 1699 1113 peti

196 1126 234 1160 et
260 1124 407 1160 concedi
435 1125 593 1160 debeant
618 1124 923 1170 dispensationes.

287 1183 458 1219 Forsitan
484 1195 572 1230 ergo
597 1184 700 1219 haud
732 1183 865 1219 inutile
897 1184 991 1219 foret
1024 1196 1131 1229 super
1158 1184 1227 1219 hac
1261 1184 1476 1228 quaestione
1501 1185 1706 1222 Concilium

196 1243 469 1278 oecumenicum
494 1242 679 1287 inquirere
703 1242 792 1287 quid
819 1243 1004 1288 agendum
1029 1243 1106 1277 sit‘?

253 1336 305 1371 De
329 1335 400 1380 piis
425 1335 663 1380 imaginibus,
691 1336 735 1371 de
759 1335 948 1371 miraculis
972 1338 1010 1371 et
1035 1336 1079 1371 de
1104 1336 1209 1371 novis
1234 1336 1438 1372 devotionis
1461 1337 1651 1382 praxibus.

290 1405 442 1450 Saepius
469 1406 645 1448 eduntur,
684 1407 721 1441 et
753 1405 851 1441 inter
877 1405 1000 1441 fideles
1024 1407 1284 1451 propagantur
1309 1406 1491 1453 imagines
1527 1407 1627 1454 piae,
1665 1409 1708 1443 ut

195 1466 380 1507 dicuntur,
419 1477 576 1509 quarum
612 1465 670 1500 vel
706 1465 860 1510 ipsemet
886 1466 1092 1510 conceptus,
1129 1465 1187 1501 vel
1213 1465 1404 1511 graphidis
1442 1466 1608 1502 executio
1645 1467 1703 1502 ita

198 1524 362 1559 redicula
388 1525 484 1567 sunt,
523 1525 566 1558 ut
603 1536 677 1560 non
704 1524 776 1559 nisi
801 1524 849 1559 ad
875 1524 1073 1560 cachinnos
1101 1525 1309 1567 movendos,
1336 1524 1597 1570 religionisque
1622 1537 1707 1561 con-

197 1583 382 1627 temptum
407 1583 684 1627 provocandum
721 1584 835 1628 aptae
868 1594 943 1618 esse
970 1583 1180 1618 videantur.
1242 1584 1334 1619 Item
1370 1582 1552 1618 miracula
1586 1583 1708 1629 publi-

198 1641 342 1683 cantur,
367 1652 472 1684 quae,
498 1640 762 1686 Episcoporum
789 1640 952 1676 examini
978 1642 1064 1676 ante
1099 1641 1395 1686 divulgationem
1428 1652 1503 1676 non
1528 1641 1707 1687 subjecta,

198 1698 352 1742 posthac
378 1698 471 1733 salsa
496 1699 555 1733 vel
579 1699 663 1735 dolo
689 1698 879 1744 supposita
904 1711 978 1734 esse
1003 1699 1259 1744 reperiuntur,
1284 1711 1359 1735 non
1384 1700 1462 1736 sine
1486 1712 1623 1746 magno
1648 1712 1708 1736 ve-

198 1768 325 1791 rorum
361 1756 624 1792 miraculorum
659 1757 885 1794 detrimento
958 1759 1051 1794 [tem
1088 1757 1223 1802 aliqui,
1260 1758 1457 1794 indiscreto
1494 1759 1569 1794 zelo
1607 1758 1710 1794 ducti

199 1815 320 1860 magis
345 1827 457 1859 quam
482 1827 525 1852 ea
543 1826 636 1860 quae
661 1815 861 1851 secundum
878 1815 1070 1851 scientiam
1095 1818 1149 1851 est
1166 1816 1315 1861 pietate,
1342 1828 1457 1852 novas
1480 1816 1520 1852 in
1546 1816 1708 1852 medium

202 1874 396 1918 proferunt
421 1875 458 1909 et
483 1874 650 1909 fidelibus
676 1875 889 1919 proponunt
923 1875 1156 1916 devotiones,
1194 1886 1381 1919 novasque
1414 1875 1533 1910 cultus
1559 1886 1706 1920 praxes‚

200 1933 283 1977 plus
309 1933 474 1969 minusve
501 1934 670 1969 absonas.
720 1934 920 1969 Innovetur
945 1933 1062 1978 igitur
1096 1934 1283 1969 decretum
1316 1933 1461 1969 concilii
1486 1932 1708 1976 Tridentini,

196 1991 308 2036 juxta
332 1993 431 2036 quod
456 1992 547 2028 haec
571 1992 707 2033 omnia,
735 1993 938 2036 antequam
969 1992 1225 2038 publicentur,
1259 1992 1522 2038 Episcoporum
1546 1991 1709 2028 examini

199 2050 369 2085 submitti
393 2051 538 2086 debent.

430 2145 482 2180 De
507 2146 637 2181 diariis
664 2147 856 2182 catholicis
884 2146 1118 2182 moderandis
1143 2147 1181 2182 et
1205 2145 1485 2191 compescendis.

296 2213 409 2249 Tristi
434 2216 660 2260 experientia
684 2219 831 2254 constat
855 2218 1017 2263 plurima
1054 2218 1172 2261 mala,
1212 2229 1326 2262 eaque
1352 2216 1590 2263 gravissima,
1627 2228 1711 2262 pro-

204 2272 349 2308 fluxisse
366 2273 405 2307 in
423 2286 501 2309 rem
520 2275 709 2319 publicam
726 2277 968 2312 christianam
985 2290 1029 2313 ex
1044 2277 1172 2312 diariis
1189 2277 1303 2312 etiam
1320 2274 1511 2310 catholicis
1521 2289 1529 2317 3
1554 2286 1710 2319 quorum

202 2331 386 2366 malorum
412 2332 502 2367 haec
526 2334 726 2380 praecipua
751 2338 856 2377 sunm
884 2348 991 2371 verae
1017 2336 1208 2371 doctrinae
1233 2336 1270 2371 et
1295 2334 1448 2380 pietatis
1474 2333 1709 2376 christianae,

202 2389 242 2423 in
268 2389 422 2426 diversis
459 2392 496 2426 et
532 2393 709 2438 oppositis
735 2394 917 2435 sensibus,
945 2394 1217 2439 corruptiones;
1256 2414 1299 2418 *—
1338 2402 1513 2428 censurae
1538 2393 1575 2427 et
1600 2394 1712 2428 notae

306 2497 328 2536 ¹)
355 2501 401 2531 cf.
429 2502 600 2532 Postulata
626 2503 745 2533 Concil.
772 2504 858 2533 Trid.
885 2504 1068 2542 proposita:

304 2547 476 2577 »Profusus
502 2550 567 2585 ille,
593 2553 725 2590 tamque
745 2551 916 2588 generalis,
943 2551 1225 2587 Indulgentiarum
1244 2552 1433 2579 coerceatur
1457 2557 1625 2586 numerus3
1653 2557 1711 2578 nee

203 2603 275 2622 cum
300 2595 426 2634 aliquas
453 2597 609 2633 elargitur
636 2597 877 2633 Sanctissimus,
915 2606 970 2626 eas
1003 2598 1098 2626 alteri
1124 2597 1391 2633 communicandi,
1428 2597 1709 2636 transferendique

203 2643 398 2680 potestatem
423 2642 568 2672 habeant
593 2644 640 2672 illi
666 2644 781 2683 quibus
807 2653 977 2673 concessae
1003 2644 1162 2672 fuerunt.<‹

304 2688 480 2718 »Pristinus
507 2690 694 2719 immutetur
718 2690 1000 2729 Indulgentiarum
1017 2691 1228 2720 concessionis
1256 2691 1358 2727 stylus
1385 2692 1418 2719 et
1443 2690 1557 2725 forma,
1584 2699 1643 2719 neo
1669 2690 1712 2719 ad

204 2737 253 2762 tot
280 2744 445 2771 annorum,
472 2736 659 2776 dierumque
676 2738 836 2775 myriades
863 2738 1081 2767 extendantur
1106 2740 1138 2766 et
1158 2739 1383 2774 numerentur3
1410 2737 1467 2766 sed
1492 2737 1532 2765 ad
1559 2738 1711 2775 quartam

205 2781 376 2813 duntaxat.
415 2785 577 2812 certamve
615 2785 755 2823 peccatis
791 2784 935 2813 debitam
959 2793 1082 2823 poenae
1108 2784 1327 2813 remissionem
1354 2788 1387 2813 et
1412 2782 1649 2813 relaxationem
1677 2791 1711 2812 se

205 2828 415 2858 extendant«.
467 2828 601 2865 (Postul.
632 2830 710 2868 Reg.
738 2830 896 2867 Lusitan.)
