1812 3088
187 98 271 139 284
823 94 1046 139 Nachtrkige.

185 213 281 248 hanc
304 222 432 247 curam
457 210 571 246 libere
596 210 707 255 agat,
747 209 810 254 pia
846 209 1021 244 instituta
1054 209 1141 245 olim
1178 211 1348 247 manibus
1386 211 1463 248 eius
1499 213 1691 249 commissa

183 271 372 307 conservet
397 270 434 305 et
459 267 706 310 administret,
732 269 845 312 atque
869 279 967 303 nova
991 267 1132 304 fundet.

278 329 416 364 Romae
440 327 498 362 die
525 328 565 362 11
593 326 764 363 Januarii
791 327 892 362 1870.

853 386 874 426 †
900 385 1084 427 Nicolaus,
1112 385 1229 430 Episc.
1255 385 1599 424 Halicarnassensis.

882 536 1001 579 X11*.

278 634 441 668 Illustres
467 632 633 667 auctores
659 630 862 666 Schematis
889 631 932 665 de
956 631 1125 674 Ecclesia,
1154 631 1217 666 ubi
1243 632 1286 667 de
1312 633 1491 669 relatione
1516 633 1694 670 Ecclesiae

186 693 233 728 ad
258 690 444 737 publicam
461 690 653 726 hominum
670 689 881 725 societatem
906 690 1080 735 agebant,
1109 690 1258 725 Scholas
1282 690 1396 726 etiam
1412 692 1694 737 pertractarunt

188 751 265 786 sive
289 749 479 785 inferiores
505 749 581 784 sive
606 748 826 794 superiores,
855 760 949 793 quae
975 748 1100 793 utique
1125 750 1319 793 utramque
1344 749 1556 786 societatem
1581 750 1692 786 eccle-

184 809 372 845 siasticam
397 810 434 844 et
460 807 606 843 civilem
632 819 746 852 aeque
771 807 987 852 respiciunt.
1039 807 1169 843 Merito
1195 807 1377 843 Ecclesiae
1402 808 1439 842 in
1466 808 1511 843 iis
1533 808 1594 854 jus
1613 808 1692 843 vin-

185 868 330 904 dicatur
354 866 570 912 providendi
596 866 789 912 religiosae
822 866 1049 901 institutioni
1087 868 1123 901 et
1160 865 1369 902 educationi
1392 866 1602 902 Catholicae
1635 866 1695 912 ju-

185 925 360 962 ventutis.
410 924 667 967 Quaestionem
693 924 737 958 de
763 923 902 960 Scholis
928 935 1005 959 rem
1039 923 1298 969 gravissimam
1322 923 1493 966 innuere,
1530 923 1601 969 ipsi
1625 924 1695 959 Re-

185 983 333 1030 ligionis
359 984 480 1019 hostes
505 984 595 1019 nota
620 994 662 1019 ea
689 982 872 1018 sententia
898 983 1136 1018 confitentur:
1174 983 1276 1029 cujus
1301 985 1388 1019 sunt
1413 983 1568 1026 scholae,
1596 982 1695 1018 illius

186 1044 272 1079 sunt
308 1045 476 1087 tempora
515 1043 652 1077 futura.
713 1041 912 1077 Hominum
957 1053 1117 1086 namque
1155 1042 1408 1087 generationes
1445 1042 1538 1077 tales
1575 1042 1694 1084 erunt,

188 1105 313 1147 quales
339 1101 552 1137 efformatae
578 1099 716 1135 fuerint
747 1099 786 1134 in
821 1098 972 1141 scholis,
1014 1099 1070 1134 vel
1095 1100 1133 1134 111
1159 1099 1229 1135 fide
1267 1100 1502 1144 moribusque
1525 1098 1696 1144 religiose

189 1160 356 1196 excultae
392 1160 450 1195 vel
489 1159 536 1194 ad
563 1158 794 1203 impietatem
820 1169 1036 1201 morumque
1073 1158 1321 1202 corruptelam
1358 1158 1593 1203 depravatae.
1642 1157 1695 1192 Ea

184 1219 328 1255 ratione
353 1217 542 1264 religionis
569 1217 690 1252 hostes
715 1216 851 1260 ubique
875 1218 1060 1251 terrarum
1086 1216 1269 1251 communi
1305 1216 1456 1252 consilio
1481 1215 1520 1252 in
1544 1215 1583 1251 id
1608 1226 1691 1250 con-

186 1278 382 1318 nituntur,
422 1278 464 1311 ut
489 1276 669 1312 Ecclesiae
707 1276 969 1311 auctoritatem
1008 1277 1044 1310 et
1080 1275 1155 1310 vim
1192 1275 1475 1311 moderatricem
1509 1287 1532 1311 a
1557 1273 1696 1310 Scholis

184 1337 336 1372 arceant
360 1347 493 1380 easque
518 1335 584 1371 soli
610 1337 646 1370 et
679 1336 787 1380 pleno
815 1334 1009 1370 saecularis
1044 1334 1278 1370 auctoritatis
1311 1332 1466 1369 arbitrio
1490 1332 1548 1368 vel
1573 1332 1695 1378 potius

185 1394 428 1440 corruptionis
453 1393 561 1440 genio
586 1393 797 1439 subjiciant.
857 1394 962 1429 Unde
997 1394 1138 1428 factum
1162 1395 1217 1428 est
1232 1422 1239 1436 ,
1278 1394 1320 1428 ut
1353 1392 1465 1427 iidem
1501 1391 1621 1427 hostes
1656 1390 1695 1426 in

183 1453 361 1490 acerrimo
385 1453 501 1495 bello,
537 1452 634 1497 quod
658 1452 786 1488 contra
812 1463 889 1488 rem
914 1451 1142 1488 Catholicam
1170 1451 1313 1497 jugiter
1347 1451 1481 1497 gerunt
1497 1478 1505 1493 ‚
1546 1448 1694 1485 Scholas

188 1513 293 1558 quasi
318 1514 375 1549 tot
399 1512 680 1559 propugnacula
714 1511 964 1553 constituant,
1004 1522 1097 1555 quae
1122 1510 1302 1546 Ecclesiae
1339 1507 1578 1545 debellandae
1601 1507 1695 1554 obji-

189 1572 302 1614 ciunt,
329 1573 510 1616 quatenus
535 1570 611 1606 iam
637 1572 676 1606 in
710 1582 909 1616 puerorum
942 1570 1301 1614 adolescentiumque
1325 1569 1448 1604 mente
1479 1567 1633 1612 ideoque
1656 1566 1695 1601 in

186 1629 425 1677 generatione
451 1630 609 1664 ventura
633 1630 811 1674 pietatem
846 1631 884 1664 et
908 1629 1015 1664 fidem
1051 1628 1272 1664 catholicam
1297 1626 1476 1663 radicitus
1501 1626 1698 1671 extirpent.

186 1688 350 1724 Sollicite
372 1688 489 1734 igitur
508 1687 807 1734 pervigilandum
834 1689 899 1730 est,
927 1689 968 1723 ut
988 1687 1178 1723 Catholica
1201 1687 1379 1732 juventus
1395 1685 1433 1720 in
1453 1684 1584 1721 scholis
1607 1695 1695 1720 vera

186 1748 256 1783 fide
281 1749 318 1783 et
342 1748 479 1783 sanctis
506 1747 670 1783 moribus
694 1747 765 1782 rite
789 1747 1020 1788 instituatur,
1046 1747 1159 1791 prout
1182 1745 1222 1780 111
1241 1745 1424 1780 schemate
1450 1743 1540 1780 satis
1564 1742 1697 1778 diserte

187 1806 394 1851 exponitur.
444 1807 513 1842 Sed
538 1806 592 1841 nil
616 1806 654 1840 111
681 1818 722 1842 eo
748 1806 888 1841 dictum
912 1807 967 1841 est
991 1807 1034 1841 de
1060 1805 1192 1840 scholis
1210 1803 1336 1839 mixtis
1361 1815 1454 1848 quae
1479 1803 1565 1838 licet
1590 1813 1700 1846 quae-

187 1867 273 1901 dam
301 1866 413 1911 pestis
439 1877 636 1910 puerorum
663 1867 801 1901 mentes
828 1865 882 1900 vel
918 1863 1122 1909 impietatis
1148 1863 1204 1898 vel
1231 1860 1529 1897 indifferentismi
1553 1871 1693 1896 veneno

188 1925 372 1967 inficiant,
412 1924 543 1969 ubique
567 1925 729 1960 locorum
764 1923 901 1969 passim
928 1923 1121 1968 eriguntur
1146 1924 1183 1956 et
1207 1920 1427 1956 catervatim
1466 1932 1488 1954 a
1513 1918 1695 1955 catholica

183 1984 381 2029 juventute
406 1983 703 2027 frequentantur.
764 1982 921 2028 Expedit
956 1981 1072 2027 igitur
1110 1982 1152 2015 ut
1176 1979 1316 2015 malum
1341 1978 1547 2014 describam
1586 1979 1698 2022 atque

188 2042 314 2086 aliqua
339 2043 500 2078 remedia
534 2042 703 2078 medendi
738 2042 933 2088 assignem.
984 2042 1035 2076 De
1061 2039 1191 2075 scholis
1225 2037 1352 2073 mixtis
1385 2037 1514 2081 loquor
1546 2036 1585 2071 in
1614 2035 1696 2070 Ale-

187 2101 332 2137 manica
358 2101 573 2137 Helventiae
597 2103 706 2146 parte
729 2101 879 2146 {erectis

285 2161 314 2195 1.
341 2161 392 2195 De
418 2159 556 2196 Scholis
580 2159 853 2205 parochialibus
880 2159 956 2194 sive
982 2157 1180 2203 primariis.

280 2219 399 2254 Erant
424 2218 609 2263 quondam
644 2219 679 2252 et
705 2217 920 2262 plerumque
956 2216 1076 2251 adhuc
1109 2216 1197 2250 dum
1224 2216 1310 2250 sunt
1343 2213 1471 2250 incolis
1497 2211 1697 2249 Catholicis

188 2278 360 2325 propriae
385 2277 537 2314 Scholae
562 2276 771 2311 Catholicae
816 2287 838 2310 a
873 2274 1070 2311 Catholicis
1106 2272 1364 2309 fundatoribus
1405 2272 1575 2309 conditae
1613 2282 1697 2307 con—

189 2337 361 2383 gruisque
387 2336 512 2371 fundis
549 2334 718 2380 provisae
758 2336 795 2370 et
821 2346 900 2369 cum
930 2333 1096 2369 Ecclesiis
1122 2331 1399 2368 Parochialibus
1432 2330 1566 2366 intimo
1604 2340 1700 2364 nexu

188 2396 428 2441 conjunctae,
463 2394 516 2430 ita
550 2395 592 2428 ut
618 2394 712 2429 socio
747 2393 886 2428 auxilio
911 2393 1072 2428 Ecclesia
1109 2392 1272 2427 scholam
1296 2389 1547 2436 parochialem
1571 2389 1608 2424 et
1634 2399 1700 2422 sua

189 2454 265 2490 vice
290 2455 414 2490 schola
440 2452 667 2489 Parochialis
690 2452 889 2488 Ecclesiam
924 2454 961 2487 et
987 2451 1215 2487 Catholicam
1251 2448 1466 2495 religionem
1489 2446 1528 2481 in
1556 2457 1700 2490 quaque

188 2512 453 2549 communitate
478 2513 620 2548 sartam
643 2513 779 2546 tectam
805 2512 980 2547 servaret.
1028 2511 1097 2546 Sed
1121 2510 1160 2545 in
1185 2508 1378 2555 permultis
1403 2506 1597 2553 regionum
1616 2516 1700 2550 par-

187 2571 287 2607 tibus
302 2600 309 2613 ,
346 2572 409 2606 ubi
435 2571 686 2606 Protestantes
721 2571 759 2604 et
783 2570 868 2605 falsi
893 2569 1052 2606 nominis
1079 2567 1256 2604 Catholici
1282 2565 1535 2609 majoritatem
1569 2564 1700 2600 votan-

188 2630 284 2665 tium
309 2629 550 2672 constituunt,
577 2629 681 2675 impii
708 2629 914 2665 Novatores
939 2629 1033 2664 illud
1050 2628 1195 2663 unionis
1220 2626 1421 2667 vinculum,
1446 2636 1519 2669 qua
1537 2621 1696 2659 Ecclesia

192 2690 229 2726 et
257 2689 387 2724 Schola
412 2688 633 2734 parochialis
669 2689 827 2724 invicem
861 2689 1016 2733 junctae
1049 2689 1175 2729 erant,
1215 2685 1454 2729 diri-uperunt
1489 2684 1526 2718 et
1561 2682 1700 2718 Scholis

192 2747 390 2783 Catholicis
427 2747 627 2792 suppressis
663 2747 837 2792 parvulos
875 2746 1079 2782 Catholicos
1116 2757 1190 2779 una
1225 2756 1307 2778 cum
1344 2741 1467 2777 fundis
1503 2740 1700 2777 Catholicis

190 2805 484 2840 protestantium
510 2805 639 2840 scholis
666 2804 818 2848 ideoque
843 2804 1081 2839 instructioni
1109 2802 1281 2848 magistri
1303 2801 1458 2847 alicujus
1477 2799 1698 2846 Zwingliani

196 2865 232 2899 et
259 2863 463 2899 Lutherani
491 2863 547 2899 vel
565 2864 714 2899 omnino
731 2863 909 2899 increduli
936 2863 971 2898 vi
990 2864 1087 2899 latae
1105 2861 1195 2907 legis
1213 2859 1500 2905 adscripserunt.
1542 2859 1701 2904 Magnus
