1812 3088
605 100 859 141 Aktenstiioke
882 101 981 136 XV*.
1459 103 1482 141 3
1491 104 1509 141 1
1520 104 1543 144 9

749 217 846 252 VIH.

468 278 521 312 De
543 275 784 312 facultatibus
808 275 1122 311 extraordinariis.

144 339 174 373 1.
200 337 412 373 Postulatur
436 337 481 370 ut
503 335 698 370 facultates
723 345 816 377 quae
839 334 1006 378 pluribus
1023 333 1230 369 Ordinariis
1254 333 1400 369 concedi
1425 332 1542 368 solent

46 409 69 433 a
93 397 128 432 S.
154 396 261 438 Sede,
296 395 332 430 et
358 394 535 430 vocantur
561 393 619 428 vel
644 392 938 436 Quinquennales
968 393 1025 427 vel
1051 392 1262 428 Triennales
1287 391 1345 426 vel
1370 390 1542 432 Annales,

47 455 209 498 adeoque
240 452 394 498 singulis
426 452 484 487 vel
516 449 777 495 quinquenniis
811 451 867 485 vel
898 450 1065 485 trienniis
1092 450 1147 485 vel
1180 448 1286 484 annis
1312 449 1544 484 renovandae

47 513 134 547 sunt
156 522 199 546 ac
223 521 363 555 semper
387 510 620 549 renovantur,
645 506 684 541 in
706 509 891 552 posterum
917 508 1162 543 concedantur
1186 519 1252 552 pro
1277 508 1356 542 toto
1380 508 1543 551 tempore

47 580 118 613 quo
143 567 321 603 Ecclesiae
347 578 431 602 suae
455 564 627 611 regimini
652 566 829 610 praesunt
853 564 908 598 illi
937 564 1068 608 quibus
1093 565 1239 600 dantur.

140 628 173 662 2.
197 626 411 663 Postulatur
436 627 479 660 ut
502 623 664 668 reliquae
688 622 882 658 facultates
907 623 1230 665 extraordinariae,
1256 635 1349 667 quae
1365 635 1432 668 pro
1451 624 1545 660 bono

47 685 256 720 animarum
280 696 303 719 a
329 685 363 719 S.
389 683 477 718 Sede
504 681 711 718 Ordinariis
736 682 993 723 conceduntur,
1028 681 1066 715 in
1095 684 1279 726 posterum
1305 693 1377 716 non
1404 682 1451 717 ad
1477 683 1542 717 ali-

49 746 140 788 quot
163 742 269 785 vices,
295 743 355 777 sed
381 742 429 777 ad
453 743 596 786 tempus
621 740 894 786 impertiantur.

768 845 830 878 IX.

507 905 560 940 De
586 905 822 940 Sao-ramento
847 902 1086 938 Matrimonii.

138 975 168 1010 Ι.
194 975 384 1019 Abrogare
409 974 499 1009 velit
522 973 722 1009 Concilium
746 971 987 1008 Vaticanum:

141 1034 184 1068 A.
211 1032 341 1076 Quarti
374 1033 509 1078 gradus
541 1032 615 1067 sive
650 1030 814 1075 aequalis
839 1030 915 1065 sive
939 1030 1144 1074 inaequalis
1176 1029 1441 1075 impedimenta
1465 1034 1542 1067 tum

48 1091 379 1136 consanguinitatis
403 1093 484 1126 tum
509 1089 703 1133 affinitatis
728 1090 828 1124 ortae
853 1100 896 1123 ex
922 1088 1168 1124 matrimonio.

141 1149 182 1183 B.
207 1148 382 1184 Publicae
404 1148 606 1184 honestatis
631 1160 674 1183 ex
699 1147 928 1192 sponsalibus
955 1149 1113 1182 tantum.

142 1206 180 1242 C.
204 1205 442 1251 Cognationis
459 1205 661 1250 spiritualis
679 1217 723 1240 ex
739 1204 941 1249 Baptismo,
965 1207 1224 1249 praeterquam
1248 1205 1344 1241 inter
1362 1207 1547 1243 levantem

49 1266 88 1300 et
112 1265 287 1300 levatum.

144 1322 187 1357 D.
212 1322 368 1358 Secundi
393 1323 530 1368 gradus
555 1321 628 1357 sive
654 1321 817 1365 aequalis
849 1321 925 1356 sive
950 1322 1153 1366 inaequalis
1185 1322 1548 1359 lineae-collateralis

51 1379 246 1416 affinitatis
269 1392 314 1415 ex
341 1379 472 1424 copula
496 1379 638 1419 illicita,
664 1379 862 1414 dummodo
890 1379 1029 1424 primus
1055 1380 1192 1425 gradus
1217 1391 1290 1415 non
1314 1380 1549 1416 interveniat.

104 1465 110 1467 -
145 1438 286 1473 Motiva
308 1438 418 1483 hujus
442 1437 618 1482 postulati
645 1438 749 1472 sunt:

148 1497 179 1531 1.
202 1488 605 1532 Familias'hodiediun
641 1495 696 1530 ita
729 1496 947 1540 quandoque
984 1496 1161 1541 dispergi,
1200 1499 1243 1532 ut
1274 1498 1418 1542 saepius
1446 1498 1484 1532 in
1509 1499 1547 1533 4⁰

53 1554 172 1598 gradu
196 1566 270 1589 sese
293 1554 514 1599 contingant
529 1553 797 1598 nupturientes,
825 1554 915 1597 quin
932 1555 989 1589 vel
1007 1554 1148 1598 aliquid
1167 1555 1211 1589 de
1227 1555 1547 1601 consanguinitate

53 1612 119 1647 aut
154 1611 336 1648 affinitate
369 1611 596 1656 suspicietur.
646 1611 739 1646 Hinc
771 1623 1050 1655 nonnumquam
1082 1612 1124 1647 fit
1155 1615 1198 1647 ut
1231 1614 1381 1658 petatur
1405 1614 1550 1659 dispen—

53 1668 146 1704 satio
171 1668 209 1704 in
234 1670 272 1704 4⁰
297 1671 427 1715 gradu,
454 1670 641 1706 contracto
662 1670 742 1715 jam
768 1670 1014 1712 matrimonio,
1048 1672 1085 1706 et
1110 1671 1256 1715 quidem
1281 1672 1378 1708 bona
1402 1673 1482 1716 fide,
1508 1685 1551 1709 ac

53 1727 221 1772 pluribus
246 1729 362 1764 annis.

148 1786 181 1819 2.
206 1785 248 1820 In
273 1786 361 1821 locis
385 1786 528 1832 exiguis
560 1798 690 1822 revera
722 1787 940 1831 quandoque
971 1786 1026 1822 ita
1050 1798 1173 1822 omnes
1200 1788 1360 1824 familias
1385 1791 1443 1825 vel
1467 1802 1551 1826 con-

55 1842 310 1888 sanguinitate
334 1844 394 1879 vel
418 1843 603 1879 affinitate
627 1845 723 1880 inter
748 1856 784 1880 se
809 1844 929 1889 ligari,
956 1846 998 1880 ut
1022 1845 1083 1879 vix
1108 1846 1185 1880 fieri
1210 1846 1322 1891 possit
1347 1847 1399 1881 ibi
1422 1849 1551 1883 matri—

55 1900 180 1936 monia
203 1901 370 1935 contrahi
396 1901 504 1936 aliter
530 1913 640 1945 quam
666 1902 762 1936 inter
785 1913 958 1946 personas
983 1904 1022 1936 4⁰
1047 1903 1177 1938 saltem
1203 1904 1321 1948 gradu
1341 1905 1500 1950 junctas.

147 1960 178 1994 3.
205 1959 308 2001 Quod
324 1959 560 2004 praecipuum
585 1962 649 2002 est,
675 1963 712 1996 et
734 1972 802 2004 pro
827 1961 996 1995 omnibus
1022 1960 1059 1994 in
1086 1961 1155 1996 hac
1178 1963 1335 1998 materia
1351 1964 1548 2007 postulatis

57 2017 166 2060 valet,
192 2017 229 2051 in
256 2016 467 2063 regionibus
492 2017 556 2052 ubi
580 2018 683 2063 viget
707 2017 984 2053 matrimonium
1003 2017 1120 2060 civile,
1146 2031 1219 2054 non
1236 2020 1316 2054 dari
1336 2021 1442 2057 civile
1459 2035 1493 2057 v.
1515 2035 1550 2068 g.

56 2074 358 2119 impedimentum
384 2076 405 2109 3
431 2076 488 2111 vel
512 2076 533 2109 4
560 2077 708 2121 gradus.
759 2076 815 2110 Ibi
838 2076 963 2121 igitur,
990 2087 1055 2121 pro
1071 2076 1339 2122 languescentis
1353 2080 1437 2115 fidei
1462 2080 1553 2116 vitio

57 2144 214 2178 pronum
238 2133 302 2175 est,
328 2134 370 2167 ut
394 2135 516 2177 spreta
542 2133 607 2169 Dei
633 2136 669 2169 et
693 2133 871 2169 Ecclesiae
896 2134 992 2179 lege,
1029 2134 1151 2179 plures
1184 2135 1251 2170 sub
1283 2137 1400 2180 specie
1423 2139 1552 2174 matri-

57 2190 172 2225 monii
197 2189 313 2224 civilis
337 2190 376 2224 in
401 2190 503 2235 turpi
527 2190 773 2226 concubinatu
798 2190 940 2226 vivant.
990 2191 1094 2226 Unde
1118 2192 1300 2229 Postulati
1325 2194 1432 2230 ratio.

149 2248 194 2282 Π.
220 2248 371 2283 Statuat
395 2248 595 2283 Concilium
620 2249 660 2283 in
692 2248 847 2293 supplici
881 2248 1005 2283 libello
1029 2249 1077 2284 ad
1103 2248 1340 2286 obtinendam
1364 2253 1549 2298 dispensa-

57 2304 196 2340 tionem
221 2305 254 2339 S.
280 2304 362 2340 Sedi
394 2306 534 2347 oblato,
572 2318 647 2341 non
683 2305 840 2350 amplius
872 2306 1148 2350 exprimendum
1185 2319 1259 2343 esse
1290 2309 1469 2346 incestum
1505 2314 1553 2348 ab

59 2362 268 2398 oratoribus
292 2363 523 2398 commissum
547 2363 645 2398 inter
669 2375 716 2399 se.
766 2363 884 2408 Hujus
909 2363 1091 2399 Postulati
1116 2365 1257 2401 motiva
1281 2369 1388 2402 sunt:

154 2421 184 2455 1.
210 2421 252 2455 In
276 2403 450 2456 ho⁴dierno
475 2421 658 2456 societatis
684 2421 785 2456 statu
809 2433 914 2466 saepe
949 2421 1115 2457 odiosum
1140 2422 1272 2465 videri,
1311 2425 1340 2459 si
1373 2427 1553 2470 parochus

61 2478 105 2513 de
129 2477 308 2513 similibus
332 2477 515 2522 inquirat3
549 2489 589 2514 eo
615 2479 673 2513 vel
697 2479 815 2524 magis
840 2480 947 2523 quod,
974 2480 1085 2521 juxta
1111 2492 1337 2517 communem
1362 2485 1554 2520 auctorum

61 2535 278 2578 doctrinam,
303 2548 377 2572 non
402 2538 597 2572 teneantur
622 2539 782 2573 oratores
808 2549 843 2572 se
869 2537 1051 2573 infamare
1076 2539 1180 2574 extra
1206 2539 1484 2577 Confessionem.

155 2593 188 2626 2.
214 2592 250 2627 Si
274 2597 398 2630 autem
421 2594 515 2630 illud
532 2596 724 2640 peccatum
749 2596 945 2640 detegatur
968 2596 1008 2630 in
1026 2596 1266 2641 Confessione‚
1292 2611 1386 2643 quae
1411 2601 1555 2645 saepius

63 2662 136 2685 uno
163 2651 327 2687 alterove
358 2654 508 2688 tantum
533 2655 590 2689 die
616 2654 890 2689 Matrimonium
914 2655 1115 2699 praecedit,
1150 2656 1265 2693 nescit
1290 2660 1332 2692 ut
1356 2653 1557 2703 plurimum

64 2720 136 2752 quo
161 2720 197 2744 se
221 2711 345 2745 vertat
369 2711 635 2755 Confessarius‚
670 2713 781 2758 probe
809 2713 923 2748 sciens
949 2724 992 2748 ex
1018 2725 1093 2748 una
1116 2716 1220 2759 parte
1245 2714 1556 2759 dispensationem

64 2765 254 2802 obtentam
280 2779 355 2803 esse
379 2768 592 2812 invalidam,
627 2771 663 2805 et
687 2781 730 2804 ex
756 2771 874 2806 altera
898 2772 1006 2816 parte
1030 2772 1149 2808 deesse
1172 2774 1315 2818 tempus
1339 2775 1558 2818 quandoque

66 2825 108 2858 ut
132 2824 342 2861 obtineatur
367 2828 615 2864 convalidatio
633 2831 719 2864 ante
735 2829 963 2865 Matrimonii
989 2830 1284 2873 celebrationem;
1315 2842 1408 2875 quae
1434 2831 1557 2869 forsan
