1812 3088
233 118 256 157 3
263 118 286 157 2
295 120 320 157 Ο
867 117 903 153 N
904 118 1099 164 achtrage.

229 234 372 270 differri
397 245 471 268 non
494 231 642 277 poterit,
669 231 758 275 quia
783 244 816 266 v.
843 244 876 277 g.
903 245 981 268 mos
1005 236 1061 269 est
1085 234 1122 269 in
1149 236 1228 272 loco
1253 239 1296 273 ut
1321 239 1446 274 eodem
1471 240 1530 276 die
1552 243 1590 276 et
1614 253 1737 278 coram

202 324 205 325 γ
230 293 310 338 lege
335 290 435 326 civili
461 291 498 325 et
523 301 649 325 coram
673 290 835 325 Ecclesia
860 292 1097 335 contrahant,
1124 305 1168 328 ac
1193 296 1317 332 omnia
1342 298 1478 342 parata
1503 300 1601 334 sunt,

325 351 357 384 3.
383 349 488 391 Quia,
515 348 546 382 si
564 360 768 392 numquam
783 349 889 383 extra
907 349 1178 387 Confessionem
1197 354 1241 389 de
1256 354 1399 390 incestu
1415 356 1736 404 interrogarentur

229 408 506 454 nupturientes,
539 407 661 452 plures
694 417 737 442 ea
772 408 817 442 de
850 419 889 442 re
921 419 995 443 non
1029 409 1240 454 cogitarent
1271 424 1313 448 eo
1338 425 1468 459 nempe
1492 428 1598 452 sensu
1623 417 1668 451 ut
1692 417 1738 452 de

228 466 413 502 industria
437 477 511 501 non
537 464 812 501 committerent
836 466 903 501 hoc
930 465 1068 501 crimen
1095 468 1143 503 ad
1168 468 1313 505 facilius
1335 472 1576 509 obtinendam
1591 474 1737 520 dispen-

229 525 427 566 sationem3
454 523 519 559 alii
543 523 636 561 falso
664 535 738 559 non
763 524 973 569 allegarent
998 526 1168 570 copulam
1196 529 1427 565 commissam
1461 531 1587 574 fuisse,
1621 534 1663 568 ut
1694 533 1737 568 fit

229 583 462 628 quandoque.

324 642 388 677 ΠΙ.
415 642 568 677 Statuat
591 641 795 677 Concilium
821 641 967 678 litteras
1002 643 1288 689 dispensationis
1321 658 1343 682 a
1368 648 1402 683 S.
1428 648 1517 684 Sede
1546 649 1735 695 expeditas

228 703 267 738 in
292 703 482 748 posterum
505 712 578 736 non
604 700 764 745 amplius
790 701 867 736 fore
893 701 1090 744 invalidas,
1119 703 1194 739 sive
1220 705 1266 740 ob
1285 705 1472 741 reticitum
1487 706 1668 742 incestum
1691 708 1731 743 in

228 761 407 807 precibus,
436 762 477 796 ut
501 762 694 806 patratum
721 771 783 794 seu
801 759 1021 796 reiteratum
1047 763 1131 805 post
1146 762 1275 798 missas
1291 775 1414 808 preces
1432 765 1470 800 et
1486 766 1572 800 ante
1589 765 1734 811 dispen-

229 820 384 857 sationis
408 819 674 859 executionem;
709 829 826 862 neque
859 818 905 853 ob
931 829 1090 854 errorem
1115 820 1274 856 nominis
1298 821 1468 858 dioecesis
1493 823 1548 859 ve]
1576 823 1736 859 nominis

229 882 295 915 aut
321 878 548 924 cognominis
572 876 880 919 contrahentium,
908 877 1106 913 dummodo
1131 881 1272 915 constet
1297 880 1342 915 de
1366 892 1606 925 personarum
1630 881 1733 917 iden-

227 949 359 987 titate3
386 953 501 987 neque
526 939 571 975 ob
599 935 864 982 expressionem
890 936 1227 982 consanguinitatis
1252 938 1330 974 loco
1356 938 1552 974 affinitatis
1578 951 1640 975 seu
1659 940 1737 975 vice

228 1017 351 1048 versa,
385 999 582 1038 dummodo
616 996 753 1042 gradus
787 996 956 1030 accurate
987 995 1234 1040 exprimatur,
1273 999 1340 1033 aut
1373 998 1506 1033 saltem
1536 998 1734 1034 dummodo

228 1077 336 1102 verus
362 1062 500 1109 gradus
525 1070 597 1094 non
624 1056 672 1090 sit
688 1053 928 1100 propinquior
951 1065 1063 1098 quam
1089 1054 1152 1098 qui
1177 1066 1369 1100 expressus
1392 1056 1465 1091 fuit
1488 1056 1528 1091 in
1552 1057 1732 1102 supplica.

322 1121 450 1158 Prima
474 1118 585 1163 hujus
610 1113 795 1150 Postulati
818 1124 904 1158 pars
929 1113 983 1147 est
1013 1123 1233 1157 consequens
1266 1115 1529 1159 praecedentis.
1578 1115 1731 1151 Utilitas

227 1183 453 1227 reliquorum
478 1186 572 1222 quae
596 1173 689 1209 inibi
709 1172 887 1217 petuntur
913 1171 960 1206 ad
988 1170 1153 1216 pericula
1179 1171 1388 1207 animarum
1415 1173 1618 1209 avertenda
1643 1174 1733 1210 satis

227 1242 343 1287 patet.

322 1299 385 1334 IV.
411 1294 583 1332 Declaret
598 1290 801 1327 Concilium
826 1288 970 1323 validas
994 1288 1033 1322 in
1058 1290 1248 1334 posterum
1273 1289 1350 1325 fore
1376 1289 1520 1325 litteras
1546 1291 1737 1336 dispensa-

228 1359 340 1395 tionis
366 1369 388 1392 a
413 1356 447 1391 S.
474 1354 563 1389 Sede
587 1349 789 1396 expeditae,
819 1348 905 1383 licet
932 1348 1084 1392 agentes
1111 1348 1168 1383 vel
1193 1360 1433 1384 amanuenses
1450 1349 1596 1385 romani
1619 1351 1738 1386 causis

226 1418 266 1453 in
292 1416 416 1452 libello
441 1410 597 1458 supplici
623 1407 797 1454 allegatis
821 1406 914 1442 alias
940 1405 1082 1440 addant
1106 1407 1172 1440 aut
1196 1406 1434 1449 substituant,
1461 1407 1516 1443 vel
1543 1419 1738 1444 causarum

227 1471 526 1512 circumstantias
561 1481 626 1504 suo
651 1468 759 1503 modo
788 1465 897 1501 aliter
923 1465 1111 1508 exponant
1137 1476 1250 1508 quam
1273 1467 1509 1512 exponuntur
1538 1465 1578 1501 in
1611 1466 1736 1503 libello

227 1535 262 1570 S.
288 1533 372 1569 Sedi
399 1531 535 1568 oblato.

320 1592 365 1626 V.
390 1589 542 1625 Statuat
566 1584 770 1621 Concilium
795 1582 919 1618 omnia
944 1581 1079 1617 Brevia
1105 1582 1162 1617 vel
1189 1581 1369 1626 rescripta
1387 1583 1420 1618 S.
1440 1582 1541 1619 Sedis
1558 1595 1638 1619 rem
1654 1583 1734 1619 Ma-

225 1648 477 1686 trimonialem
503 1642 721 1690 spectantia.
747 1652 905 1685 quorum
931 1639 1096 1675 executio
1122 1639 1314 1675 commissa
1338 1641 1393 1676 est
1408 1641 1587 1686 Episcopo
1611 1641 1736 1687 ejusve

225 1708 375 1745 Vicario
401 1703 566 1752 generali
592 1703 657 1737 aut
682 1698 841 1737 officiali,
869 1699 959 1734 Sede
984 1710 1048 1743 per
1065 1699 1224 1733 mortem
1242 1698 1354 1743 hujus
1370 1698 1540 1745 Episcopi
1566 1700 1733 1744 vacante,

225 1779 248 1803 a
273 1765 424 1802 Vicario
449 1759 654 1808 Capitulari
681 1756 886 1794 executioni
911 1756 993 1791 dari
1017 1768 1132 1802 posse.

320 1825 382 1860 VI.
408 1822 559 1858 Statuat
584 1817 786 1854 Concilium
811 1815 959 1850 Vicario
985 1815 1203 1859 Capitulari‚
1231 1816 1320 1851 Sede
1350 1816 1522 1859 Vacante,
1549 1827 1735 1852 concessas

225 1883 364 1920 censeri
388 1892 512 1918 omnes
537 1881 574 1915 et
600 1878 766 1923 singulas
792 1876 990 1910 facultates
1007 1874 1208 1920 peculiares
1234 1876 1271 1910 et
1289 1875 1610 1918 extraordinarias,
1637 1886 1728 1919 quas

225 1943 265 1978 in
298 1953 336 1977 re
362 1936 632 1976 Matrimoniali
665 1948 687 1970 a
713 1936 747 1970 S.
775 1934 862 1970 Sede
899 1933 968 1968 sibi
1002 1933 1270 1977 impetraverat
1294 1933 1493 1978 Episcopus
1525 1933 1730 1976 defunctus,

227 2000 424 2037 dummodo
450 2010 525 2034 non
550 1993 777 2041 expiraverit
802 1994 947 2037 tempus
973 1992 1020 2027 ad
1046 1992 1143 2035 quod
1169 2003 1358 2027 concessae
1383 1992 1545 2028 fuerunt.

324 2058 403 2092 VII.
429 2058 561 2093 Coram
586 2053 743 2089 Domino
770 2051 972 2096 expendere
999 2049 1115 2084 velint
1139 2049 1264 2085 R-mmi
1288 2050 1416 2085 Patres
1442 2050 1612 2086 Concilii:

321 2118 364 2152 A.
391 2117 450 2151 An
472 2126 545 2150 non
572 2113 746 2158 suppetat
773 2110 834 2145 via
860 2121 944 2154 qua,
972 2109 1101 2144 saltem
1120 2121 1187 2154 pro
1205 2108 1410 2144 Ordinariis
1427 2110 1496 2145 hoc
1511 2109 1733 2155 petentibus,

225 2175 401 2222 abrogari
418 2175 552 2215 valeat,
579 2184 672 2217 quae
693 2170 814 2206 vocari
840 2169 931 2204 solet
947 2168 1263 2213 dispensationum
1285 2169 1374 2203 taxa
1391 2180 1453 2204 seu
1472 2168 1733 2213 componenda,

225 2235 264 2270 in
289 2234 458 2280 pluribus
482 2231 694 2277 regionibus
720 2228 839 2264 nostri
865 2226 999 2262 saeculi
1025 2226 1235 2262 hominibus
1261 2228 1340 2261 tam
1365 2228 1501 2263 odiosa.
1547 2227 1584 2263 Si
1609 2228 1734 2262 autem

223 2294 292 2329 hoc
317 2291 395 2327 fieri
420 2291 589 2335 nequeat,
617 2289 747 2324 saltem
773 2287 948 2322 adhibere
978 2286 1095 2322 velint
1121 2287 1250 2321 Patres
1276 2285 1439 2321 medium
1463 2297 1534 2330 quo
1559 2286 1662 2320 fieret
1690 2287 1733 2320 ut

225 2352 289 2397 qui
314 2351 488 2396 pinguem
517 2349 665 2385 solvunt
691 2350 818 2382 taxum
845 2359 917 2381 non
935 2345 1041 2381 citius
1061 2345 1255 2380 obtineant
1271 2343 1592 2390 dispensationem,
1620 2354 1733 2387 quam

225 2410 289 2455 qui
313 2421 470 2455 parvam
496 2410 562 2443 aut
587 2407 730 2442 nullam
756 2406 920 2441 solvant:
958 2405 1012 2439 ita
1046 2403 1143 2438 enim
1177 2403 1349 2439 caderent
1380 2402 1560 2449 injuriosa
1593 2401 1659 2437 illa
1689 2401 1728 2436 in

225 2469 425 2505 Ecclesiam
453 2466 625 2511 obloquia
651 2477 744 2510 quae
768 2475 1049 2508 nonnumquam
1077 2462 1263 2499 occasione
1288 2460 1464 2496 similium
1489 2459 1704 2495 audiuntur.

320 2528 360 2562 B.
386 2529 445 2562 An
470 2526 510 2561 in
535 2524 773 2561 concedendis
800 2521 1132 2569 dispensationibus
1166 2520 1378 2566 praecaveri
1403 2531 1476 2555 non
1502 2517 1617 2564 possit
1639 2520 1732 2553 tem-

226 2588 326 2631 poris
352 2585 603 2631 dispendium,
639 2583 848 2618 animarum
875 2581 987 2617 saluti
1014 2580 1233 2625 quandoque
1261 2581 1340 2614 tam
1364 2577 1524 2613 noxium.
1574 2576 1732 2621 Tempus

226 2657 261 2679 v.
286 2657 321 2690 g.
346 2644 400 2680 ita
426 2643 649 2688 deperditur,
684 2641 833 2686 quando
858 2642 944 2676 ante
969 2638 1253 2684 dispensationis
1279 2635 1547 2673 concessionem
1571 2634 1733 2680 exigitur

225 2703 411 2748 separatio
436 2701 545 2737 unius
563 2702 619 2735 vel
646 2700 801 2735 duorum
828 2699 1019 2741 mensium,
1048 2709 1119 2742 quo
1145 2696 1264 2742 spatio
1291 2695 1415 2738 elapso
1440 2703 1625 2728 recurrere
1649 2705 1731 2738 pos-

224 2762 311 2796 sunt
337 2762 510 2802 01·atores,
538 2772 695 2804 quorum
720 2758 871 2794 interim
897 2758 1055 2793 maxime
1072 2756 1226 2791 interest
1242 2765 1310 2799 pro
1333 2752 1479 2788 animae
1496 2763 1583 2787 suae
1600 2751 1729 2793 salute,

224 2821 266 2854 ut
291 2819 566 2864 quamprimum
587 2818 811 2863 jungantur.
861 2817 962 2852 Idem
981 2815 1125 2851 obtinet
1143 2812 1293 2857 quando
1310 2823 1328 2846 e
1346 2809 1550 2845 dicasteriis
1566 2808 1730 2845 romanis

225 2879 482 2922 respondetur:
516 2876 708 2922 negative,
745 2876 801 2911 vel
833 2887 906 2910 non
933 2873 1056 2909 afferri
1085 2872 1139 2907 vel
1165 2883 1236 2906 non
1263 2869 1434 2914 expedire
1457 2868 1496 2903 in
1523 2869 1667 2904 casibus
1691 2867 1731 2902 in
