1812 3088
628 99 880 140 Aktenstficke
909 100 1006 134 XIF.
1473 105 1526 146 28
1534 106 1556 143 7

60 213 194 250 merita
212 241 220 257 ,
258 214 318 249 sed
345 213 468 248 fictam
493 225 514 248 a
540 212 768 257 nequissimis
806 213 1015 249 auctoribus
1038 214 1279 260 ignominiam
1316 214 1395 261 ejus
1431 217 1468 251 et
1494 216 1556 251 ob-

58 271 315 307 trectationem
351 270 615 306 manifestabit.
683 270 861 306 Catholici
902 272 1054 316 juvenes
1092 272 1275 318 ejusmodi
1316 272 1557 309 detractiones

57 330 186 364 contra
210 328 427 374 religionem
451 328 488 363 et
524 327 719 362 Ecclesiam
759 327 978 363 catholicam
1002 329 1184 374 projectas
1220 331 1293 366 levi
1319 332 1441 366 mente
1479 343 1555 365 sus-

56 385 210 432 cipiunt,
237 398 259 421 a
284 385 472 432 magistris
499 385 722 421 Acatholicis
755 385 792 420 in
826 397 866 420 re
890 385 1076 422 litteraria
1101 388 1305 432 edocentur,
1331 389 1370 424 in
1396 401 1555 424 commu-

56 444 164 480 nione
187 444 403 490 quotidiana
428 456 507 479 cum
526 444 665 490 ³pueris
692 444 914 479 Acatholicis
939 447 1222 488 conversantur,
1261 458 1379 482 aerem
1405 447 1462 483 vel
1487 447 1554 481 im—

55 502 192 547 pietate
217 503 275 538 vel
299 502 482 538 erroribus
509 503 724 548 corruptum
745 502 886 548 jugiter
923 503 1107 547 respirant
1141 506 1252 548 atque
1289 505 1356 540 sub
1381 504 1554 540 continuo

57 561 318 606 adjunctorum
343 562 474 596 horum
499 561 638 595 influxu
662 560 739 596 fieri
764 572 904 596 necesse
929 562 1000 602 est,
1029 563 1070 595 ut
1096 562 1224 597 sensim
1263 562 1300 597 in
1326 563 1395 598 fide
1421 562 1553 598 Catho-

54 617 126 654 lica
150 621 346 664 tepescant,
374 631 510 655 errores
534 619 757 663 pedetentim
783 618 1001 663 suscipiant,
1028 619 1350 662 indifferentismo,
1389 620 1553 665 quinimo

55 676 240 721 impietati
265 677 301 712 et
318 689 461 713 morum
478 677 591 712 etiam
617 677 845 721 corruptelae
862 677 1112 712 succumbant.
1149 679 1195 712 Et
1218 679 1286 713 hoc
1302 678 1554 714 tristissimum

55 734 300 779 praesagium,
325 735 417 779 proh
438 734 556 769 dolor!
583 745 689 768 verus
705 745 827 768 rerum
844 736 992 769 eventus
1010 734 1183 770 affirmat.
1232 736 1378 771 Exactis
1395 748 1554 781 namque

54 791 91 826 in
118 791 278 837 Collegio
303 791 419 827 mixto
446 792 587 836 aliquot
613 792 718 826 annis
744 792 1004 833 adolescentes,
1044 804 1125 828 raro
1150 794 1364 839 plerumque
1389 795 1554 841 exemplo

55 850 216 895 excepto,
257 850 364 886 fidem
388 850 612 886 Catholicam
640 852 675 886 et
699 850 875 895 pietatem
901 850 1100 892 amittunt,
1136 853 1359 896 pereuntque
1397 865 1463 898 pro
1488 853 1555 888 Ca-

57 907 195 942 tholica
219 907 400 950 Ecclesia,
437 919 503 952 pro
529 907 679 952 propria
705 919 789 943 suae
816 907 914 942 vitae
941 907 1115 951 sospitate
1151 910 1187 944 et
1214 909 1282 944 nisi
1302 909 1431 954 -gratia
1455 911 1553 955 post-

57 965 205 1001 modum
230 966 441 1001 subvenerit
478 977 544 1010 pro
582 966 699 1001 salute
736 968 895 1001 aeterna.
949 965 1000 1000 De
1038 966 1122 1000 filiis
1159 979 1185 999 s.
1222 967 1335 1002 matri
1373 967 1552 1004 Ecclesiae

56 1024 238 1067 quondam
264 1023 425 1069 impense
449 1024 605 1059 addictis
643 1024 743 1060 brevi
781 1024 870 1059 facti
895 1025 981 1058 sunt
1006 1023 1232 1058 infestissimi
1258 1027 1400 1067 hostes,
1439 1040 1549 1072 quam

54 1074 257 1117 honoribus
276 1084 312 1117 et
338 1082 545 1117 muneribus
571 1082 698 1117 mundi
724 1082 830 1117 semel
848 1082 957 1123 aucti,
985 1082 1318 1128 quomodocumque
1344 1086 1545 1129 potuerint,

54 1139 228 1176 acerrime
255 1141 479 1186 expugnant.
527 1140 585 1175 Ita
610 1142 747 1176 crescat
773 1142 917 1185 oportet
942 1140 1101 1176 hostium
1140 1153 1311 1177 numerus
1335 1141 1371 1177 in
1397 1145 1550 1190 propria

58 1197 237 1233 Ecclesiae
261 1197 471 1233 Catholicae
507 1199 612 1234 domo
649 1200 685 1233 ct
720 1198 813 1232 fiant
836 1197 1061 1233 infestissimi
1101 1199 1219 1233 hostes
1256 1199 1326 1245 ipsi
1363 1200 1552 1237 domestici

53 1255 142 1300 ejus.
191 1255 260 1291 Sed
284 1255 423 1290 malum
448 1256 515 1291 hoc
539 1255 797 1301 gravissimum
822 1255 858 1289 in
886 1255 960 1291 dies
987 1257 1160 1300 augetur,
1188 1256 1223 1290 in
1251 1259 1550 1301 generationibus

53 1312 187 1347 futuris
215 1314 325 1357 atquc
351 1313 527 1349 Ecclesiae
552 1314 680 1349 exinde
705 1315 885 1358 parantur
910 1313 1158 1349 funestissima
1192 1314 1291 1350 fata.
1328 1328 1409 1351 cum
1434 1317 1550 1362 impia

53 1371 259 1415 temporum
285 1372 414 1407 horum
438 1373 599 1416 potestas
623 1377 695 1417 ,per
733 1369 1032 1407 scholas‘*111ixt›as
1057 1384 1137 1407 eam
1171 1373 1275 1416 quasi
1300 1373 1338 1408 in
1363 1375 1486 1410 radice
1511 1377 1548 1411 et

54 1429 249 1465 seminario
273 1430 434 1465 fidelium
459 1430 675 1475 perturbare
692 1431 728 1466 et
753 1431 939 1475 extirpare
958 1431 1118 1465 conetur.
1167 1431 1212 1465 Et
1237 1431 1297 1466 hic
1323 1433 1378 1467 est
1402 1435 1550 1477 questus

56 1499 156 1522 meus
182 1487 440 1532 gemebundus.
474 1488 563 1523 haec
587 1488 801 1524 lamentatio
828 1500 908 1523 mea
936 1489 1166 1524 amarissima
1191 1490 1234 1524 de
1260 1490 1390 1526 scholis
1415 1481 1573 1533 mixtis,¹

54 1556 164 1589 quam
192 1545 293 1581 vobis
317 1545 398 1580 Emi
435 1558 477 1581 ac
510 1546 593 1581 Rmi
620 1547 688 1581 PP.
715 1548 760 1581 ad
787 1547 1040 1593 adjuvandum
1065 1559 1121 1581 me
1159 1547 1293 1582 refero:
1333 1549 1552 1594 gravissima

54 1603 152 1638 mala
179 1603 303 1643 video,
343 1615 407 1639 nec
432 1604 566 1638 mederi
592 1604 717 1645 valeo,
757 1616 838 1639 cum
863 1604 1041 1647 ejusmodi
1066 1605 1208 1640 scholae
1249 1606 1397 1642 statutis
1435 1607 1550 1643 civilis

53 1664 200 1698 nostrae
225 1662 503 1698 Constitutionis
527 1662 757 1697 innitantur:
793 1675 904 1707 quam
930 1664 1072 1698 mutare
1101 1663 1194 1698 vires
1220 1664 1310 1698 mihi
1335 1665 1477 1700 desunt.

146 1719 282 1755 Habita
306 1720 445 1755 ratione
471 1722 526 1755 tot
552 1722 811 1764 tantorumque
839 1721 1030 1764 malorum,
1057 1733 1150 1765 quae
1174 1722 1212 1756 in
1240 1722 1392 1766 animas,
1418 1723 1456 1757 in
1485 1724 1549 1759 Ec-

52 1777 197 1813 clesiam
221 1779 258 1814 et
281 1778 508 1814 Catholicam
533 1779 739 1815 societatem
768 1791 811 1814 ex
838 1779 974 1814 Scholis
1001 1780 1125 1814 mixtis
1150 1780 1368 1823 redundant,
1396 1782 1429 1816 S.
1459 1781 1550 1817 Con-

53 1835 176 1871 cilium
201 1836 423 1872 Vaticanum
449 1836 593 1873 silentio
617 1837 816 1882 praeterire
841 1849 901 1873 eas
926 1850 998 1873 non
1016 1839 1144 1883 potest.
1173 1838 1234 1873 sed
1260 1839 1421 1874 remedia
1447 1841 1549 1875 certa

55 1896 184 1930 contra
209 1907 269 1930 eas
286 1896 448 1931 statuere
473 1895 590 1930 debet.
640 1896 833 1941 Imprimis,
861 1898 969 1941 prout
994 1897 1135 1941 opinor,
1164 1897 1297 1931 summi
1314 1897 1369 1931 sui
1389 1897 1548 1932 muneris

53 1953 90 1988 et
113 1953 222 1988 officii
245 1953 315 1989 erit
341 1953 492 1989 solemni
518 1965 581 1989 suo
607 1954 772 1990 consultu

147 2012 176 2045 1.
202 2011 348 2047 Scholas
375 2011 509 2046 mixtas
533 2012 792 2056 cujuscumque
818 2013 960 2058 generis
993 2025 1035 2047 ac
1060 2013 1198 2047 ordinis
1225 2015 1430 2058 reprobare,

148 2069 178 2102 2.
203 2070 414 2115 Episcopos‚
453 2070 631 2115 parochos
656 2072 692 2104 et
716 2072 887 2115 parentes
924 2070 1015 2106 serio
1042 2070 1253 2111 adhortari,
1294 2073 1421 2116 utpote
1446 2072 1548 2117 Epis-

51 2137 166 2171 copos,
192 2128 234 2161 ut
258 2138 323 2171 pro
347 2139 448 2171 posse
474 2139 537 2163 suo
562 2129 690 2163 contra
716 2128 893 2173 ejusmodi
920 2129 1068 2164 Scholas
1095 2129 1264 2171 militent,
1291 2131 1478 2174 parochos,
1506 2133 1548 2165 ut

50 2182 300 2218 Christianam
320 2184 554 2227 juventutem
580 2185 626 2219 ab
663 2184 713 2219 eis
738 2197 859 2221 arcere
885 2187 1075 2224 studeant.
1114 2188 1307 2231 parentes,
1347 2200 1390 2223 ne
1417 2200 1545 2233 pueros

51 2253 133 2276 suos
157 2241 336 2287 ejusmodi
361 2243 491 2278 scholis
517 2254 679 2286 unquam
704 2243 951 2285 committant,

143 2300 175 2334 3.
201 2299 443 2344 Magistratus
468 2300 590 2335 civiles
615 2302 819 2343 admonere,
848 2303 888 2336 ut
912 2303 1058 2338 Scholas
1084 2303 1293 2339 Catholicae
1318 2304 1547 2340 fundationis

50 2368 245 2401 eanunque
270 2358 463 2411 facultates
488 2359 682 2395 Catholicis
708 2359 834 2403 iniqua
872 2360 907 2394 vi
936 2362 971 2395 et
996 2361 1075 2406 lege
1101 2362 1309 2398 subtractas
1333 2362 1546 2400 restituant.

50 2414 275 2460 liberamque
311 2428 507 2461 puerorum
542 2416 818 2452 instructionem
858 2417 944 2461 ipsis
984 2419 1204 2461 concedant,
1243 2431 1353 2463 quam
1391 2421 1546 2465 paterna

52 2473 176 2518 utique
200 2476 360 2520 potesta-s
381 2476 465 2521 jure
489 2475 632 2519 exigere
657 2476 787 2520 potest.

143 2532 242 2568 Haec
265 2544 374 2568 sanae
399 2533 586 2568 doctrinae
616 2533 781 2578 jurisque
805 2534 995 2579 principia,
1034 2535 1213 2579 siquidem
1239 2537 1286 2571 ad
1309 2538 1455 2581 tempus
1481 2536 1545 2571 abs

51 2589 139 2625 viris
162 2590 309 2634 iniquae
334 2592 530 2628 violentiae
555 2603 627 2627 non
654 2591 908 2636 respiciuntur,
934 2593 1114 2637 tempore,
1143 2594 1239 2638 quod
1265 2594 1445 2635 adveniet,
1474 2596 1546 2630 for-

51 2659 116 2683 san
140 2650 416 2694 praevalebunt,
443 2650 513 2685 nisi
539 2650 687 2685 interim
713 2651 896 2686 terrarum
931 2650 1027 2685 orbis
1063 2651 1164 2696 prius
1190 2653 1309 2687 ruerit
1346 2654 1456 2697 atque
1482 2665 1546 2698 ap-

51 2706 353 2751 propinquaverit
378 2710 533 2744 ventura
561 2709 634 2744 ira!

145 2765 292 2801 Summo
317 2768 354 2802 et
376 2767 526 2812 perenni
550 2768 661 2802 cultu.
915 2770 935 2811 †
961 2768 1111 2804 Carolus
1137 2769 1296 2805 ,loannes
1321 2769 1450 2804 Greith

143 2823 279 2859 Romae
304 2824 427 2860 Idibus
453 2825 569 2869 April.
597 2826 694 2862 1870.
1012 2827 1075 2871 Ep.
1102 2827 1359 2872 Sangallensis.
