1812 3088
226 130 310 170 276
861 120 1086 166 Nachtrage.

312 240 412 282 Quae
437 249 520 273 cum
543 236 598 270 ita
623 235 707 277 sint,
734 235 939 279 optandum
963 246 1089 271 censeo
1115 238 1157 271 ut
1180 237 1269 281 quid
1296 238 1340 274 de
1364 238 1636 279 infallibilitate
1655 244 1727 281 Ro-

217 299 319 334 mani
344 295 532 333 Pontificis
555 294 594 329 in
610 292 770 329 materia
786 292 881 336 fidei,
905 294 1099 337 tamquam
1117 293 1335 331 universalis
1356 297 1537 337 Ecclesiae
1554 300 1727 344 {doctoris

217 354 433 397 definientis,
460 354 508 389 ab
525 352 694 389 omnibus
720 352 767 388 sit
782 352 1012 395 credendum,
1039 354 1279 390 Sacrosancta
1299 356 1476 402 Synodus,
1503 360 1603 404 apud
1629 360 1728 406 Apo-

215 414 385 450 stolicam
409 412 634 448 Cathedram
667 412 914 457 congregata,
955 411 1100 456 aperiat
1124 424 1166 448 ac
1203 414 1385 450 decernat.
1439 416 1481 450 Id
1517 417 1616 453 enim
1653 430 1727 455 non

216 473 326 508 modo
352 471 614 517 opportunum,
640 482 768 506 verum
787 469 900 506 etiam
919 470 1161 506 necessarium
1187 471 1342 515 videtur,
1369 485 1415 509 ne
1435 474 1600 510 fidelium
1625 488 1726 513 men-

214 534 270 568 tes
294 530 515 565 fluctuantes
540 528 625 571 sint,
657 530 694 564 et
718 528 1027 565 circumferantur
1065 530 1165 566 omni
1190 532 1301 567 vento
1339 532 1551 575 doctrinae,
1590 533 1629 570 in
1665 547 1726 571 ne-

216 588 335 633 quitia
360 588 563 630 hominum,
596 587 637 622 in
662 587 802 623 astutia
828 588 876 623 ad
901 588 1250 625 circumventionem
1275 591 1421 627 erroris.

309 647 551 692 Quapropter,
578 645 795 681 Beatissime
820 646 950 689 Pater,
977 647 1041 691 qui
1068 647 1281 684 naviculum
1306 649 1505 693 Ecclesiae,
1547 651 1644 688 inter
1669 652 1726 688 fu—

213 708 334 743 rentes
360 705 653 752 persecutionum
680 704 818 747 undas,
858 717 903 740 ne
939 704 1207 751 impingeretur
1240 707 1279 742 in
1316 720 1481 744 errorum
1521 710 1662 755 syrtes,
1703 723 1726 746 a

214 765 358 802 Christo
383 764 550 807 Domino,
575 764 613 799 in
638 775 795 809 persona
820 764 926 800 Beati
950 764 1070 808 Petri,
1097 766 1380 811 gubernandam
1417 768 1629 814 suscepisti,
1666 769 1722 804 in-

220 826 362 861 stanter
388 824 544 870 postulo,
581 824 624 858 ut
646 823 753 859 illam
778 823 1067 860 controversiam
1093 825 1195 860 Sacri
1223 825 1376 861 Concilii
1411 826 1552 871 judicio
1591 827 1723 874 subjici

214 884 430 931 permittas,
469 895 543 927 qua
574 883 728 919 tandem
755 882 906 919 definita
921 911 929 925 ,
967 882 1127 928 idipsum
1161 883 1325 920 dicamus
1351 896 1497 926 omnes,
1536 887 1573 921 et
1611 886 1725 921 simus

214 942 370 988 perfecti
394 944 433 977 in
459 942 586 978 eodem
611 953 717 978 sensu
742 943 780 978 et
803 941 842 977 in
869 942 996 978 eadem
1022 942 1216 978 sententia.

309 1001 529 1038 Sanctitatis
553 1002 640 1037 tuae

621 1060 762 1096 Humus
787 1061 823 1096 et
849 1060 1004 1096 Obsmus
1029 1060 1068 1095 in
1095 1060 1241 1097 Christo
1266 1072 1391 1097 servus

870 1122 890 1161 †
917 1120 1005 1155 Ant.
1031 1119 1103 1156 Jos.
1129 1119 1262 1165 Pluym
1288 1120 1353 1166 Ep.
1381 1120 1630 1167 Nicopolitan.

919 1250 1021 1292 111³&

305 1332 458 1368 Avendo
482 1331 517 1367 io
543 1343 684 1377 sempre
720 1331 905 1373 ritenuta‚
944 1343 964 1366 e
988 1330 1140 1366 facendo
1178 1330 1373 1376 insegnare
1409 1331 1447 1366 al
1471 1332 1545 1368 mio
1569 1333 1718 1379 giovine

214 1391 317 1430 Clero
342 1391 380 1426 la
404 1390 571 1427 dottrina
595 1390 678 1425 dell'
704 1388 938 1425 infallibilita
963 1389 1021 1424 del
1047 1389 1183 1425 Nostro
1208 1388 1307 1434 Capo
1332 1388 1360 1423 il
1378 1389 1524 1426 Sommo
1540 1391 1723 1428 Pontefice

215 1450 391 1493 »Quando
414 1462 458 1486 ex
485 1450 662 1485 cathedra
688 1449 821 1484 statuit
846 1461 889 1484 ac
914 1449 1115 1496 praecipit,
1155 1448 1194 1484 in
1230 1449 1338 1484 rebus
1375 1449 1459 1484 fidei
1496 1461 1540 1486 ac
1564 1463 1719 1494 morum,

210 1521 306 1554 quae
330 1510 378 1544 ab
396 1508 565 1545 omnibus
582 1508 889 1544 Christifidelibus
906 1509 1087 1544 credenda
1112 1509 1150 1544 et
1165 1508 1337 1551 tenenda,
1362 1518 1504 1552 quaeve
1520 1509 1721 1555 rejicienda

210 1569 248 1604 et
271 1567 486 1603 damnanda
522 1569 629 1602 sunt«
655 1579 819 1613 approvo
857 1568 921 1604 che
947 1567 1002 1603 sia
1034 1579 1099 1604 ora
1124 1568 1298 1613 proposto
1336 1567 1411 1603 alla
1446 1568 1603 1613 speciale
1629 1568 1721 1605 Con—

211 1626 431 1673 gregazione
469 1626 664 1672 designata
701 1627 760 1662 nel
793 1638 873 1673 cap.
909 1627 941 1662 2.
978 1627 1076 1663 della
1112 1627 1205 1662 Lett.
1243 1626 1313 1671 Ap.
1350 1626 1573 1672 Multiplices
1609 1626 1719 1669 inter,

207 1686 488 1731 quest'oggetto,
514 1685 684 1728 affinche,
710 1696 748 1720 se
772 1686 820 1721 ad
845 1685 935 1722 Essa
959 1686 1146 1722 sembrera
1171 1686 1389 1732 opportuno,
1419 1685 1455 1721 lo
1479 1685 1658 1721 deferisca
1684 1684 1722 1720 al

207 1745 242 1780 S.
268 1745 428 1781 Concilio
453 1744 660 1780 ecumenico
685 1756 749 1789 per
775 1744 1005 1781 deliberarne
1031 1756 1096 1781 con
1122 1745 1232 1789 piena
1259 1743 1485 1790 cognizione,
1527 1755 1546 1779 e
1571 1743 1711 1780 coll'as-

210 1803 368 1839 sistenza
393 1804 488 1840 dello
519 1803 657 1849 Spirito
682 1804 807 1840 Santo.

467 1861 585 1898 Roma
609 1862 671 1898 dal
697 1862 883 1899 Convento
909 1862 947 1897 di
973 1862 1007 1897 S.
1034 1862 1215 1907 Agostino
1241 1862 1297 1897 29.
1325 1862 1496 1897 Gennaro
1524 1861 1625 1897 1870.

828 1922 850 1963 †
878 1921 919 1957 G.
947 1921 1047 1956 Batt.
1073 1921 1176 1956 Vesc.
1201 1920 1239 1956 di
1265 1921 1411 1956 Savona
1436 1930 1455 1955 e
1479 1918 1578 1955 Noli.

913 2037 1013 2081 IV*.

677 2118 888 2155 Eminentia
926 2118 1248 2155 reverendissima!

304 2179 420 2216 Semel
456 2181 493 2215 et
530 2179 666 2214 iterum
704 2178 887 2213 excitatus
922 2178 970 2213 ad
1007 2177 1308 2212 subscribendum
1339 2177 1421 2211 tum
1453 2175 1625 2222 petitioni
1649 2187 1716 2223 pro

209 2237 440 2274 discutienda
464 2238 501 2272 et
532 2235 739 2271 definienda
772 2234 811 2269 in
837 2236 905 2270 hoc
930 2235 1090 2271 Concilio
1115 2233 1391 2270 Infallibilitate
1425 2234 1566 2270 Summi
1589 2234 1716 2270 Ponti·
1740 2247 1742 2249 ·

209 2297 296 2341 ficis,
322 2298 404 2332 tum
428 2294 601 2340 petitioni
627 2295 757 2330 contra
780 2293 993 2339 hujusmodi
1026 2293 1286 2329 discussionem
1310 2294 1347 2328 et
1371 2291 1632 2335 definitionem,
1659 2303 1715 2328 sa-

210 2355 284 2390 tius
310 2354 400 2390 duxi
425 2352 655 2389 Eminentiae
682 2355 779 2396 tuae,
817 2364 922 2397 quae,
961 2354 1111 2390 absente
1137 2352 1336 2393 Pontifice‚
1374 2351 1535 2389 Concilio
1560 2352 1716 2398 praeest,

209 2415 373 2450 mentem
396 2424 518 2449 meam
541 2413 611 2448 hac
637 2412 681 2447 de
706 2423 746 2447 re
771 2411 925 2456 aperire.

302 2473 434 2516 Itaque
457 2470 701 2507 necessarium
727 2482 854 2506 censeo
891 2470 930 2505 in
956 2470 1022 2506 hoc
1048 2470 1208 2506 Concilio
1232 2482 1341 2516 agere
1373 2470 1417 2506 de
1443 2467 1719 2506 Infallibilitate

213 2531 354 2565 Summi
381 2529 591 2571 Pontificis‚
630 2540 783 2573 eamque
808 2529 976 2571 definire,
1014 2540 1101 2563 nam
1139 2540 1239 2564 secus
1276 2530 1447 2565 Summae
1481 2526 1716 2573 Apostolicae

209 2588 310 2625 Sedis
335 2589 538 2625 auctoritas
564 2600 678 2634 grave
704 2587 967 2623 detrimentum
1003 2600 1045 2624 ex
1084 2588 1195 2634 hujus
1234 2587 1387 2624 Concilii
1425 2587 1614 2623 occasione
1650 2597 1715 2632 pa-

207 2647 340 2682 tietur:
380 2648 417 2683 et
453 2649 608 2692 paratus
644 2659 726 2682 sum
751 2647 798 2682 ad
823 2647 921 2682 hanc
945 2646 1258 2683 Infallibilitatem
1294 2647 1439 2692 publice
1477 2658 1521 2683 ex
1559 2645 1716 2681 ambone

207 2705 386 2741 tuendam
410 2705 450 2740 in
475 2706 563 2741 aula
587 2705 786 2741 conciliari.

301 2764 440 2799 Tamen
468 2763 646 2807 arbitror,
673 2764 712 2798 in
738 2764 949 2801 definitione
973 2764 1189 2809 exponenda
1215 2763 1339 2800 sedulo
1364 2764 1568 2799 cavendum
1594 2773 1668 2798 esse
1693 2772 1716 2797 a

206 2821 374 2866 pluribus
409 2822 559 2859 seorsim
583 2843 626 2849 —-
652 2823 853 2868 separatim
887 2824 935 2859 ab
968 2823 1155 2869 Episcopis
1183 2843 1225 2847 —-
1252 2821 1495 2868 personaliter
1521 2843 1564 2847 —-
1588 2821 1714 2858 incon-

207 2880 313 2916 sultis
349 2880 553 2927 Episcopis:
598 2883 659 2918 sed
699 2882 915 2928 simpliciter
953 2883 1147 2920 dicendum
1184 2893 1277 2917 esse:
1317 2881 1565 2918 definitionem
1601 2891 1713 2925 quam
