1812 3088
206 106 290 147 300
839 103 1064 148 Nachtrage.

210 221 263 257 De
287 220 459 264 censuris,
486 219 709 265 praesertim
734 219 941 263 reservatis,
967 220 1015 255 ad
1031 220 1247 265 pauciorum
1269 233 1464 259 numerum
1487 224 1712 262 reducendis.

302 292 432 327 Sedulo
470 290 631 326 examini
670 289 936 336 subjiciantur,
975 292 1012 326 et
1050 292 1199 327 utinam
1222 304 1290 337 pro
1315 305 1454 339 magna
1477 295 1584 339 parte
1607 296 1713 332 tolle—

206 352 335 386 rentur
360 361 534 385 censurae
551 361 573 385 a
595 349 688 395 jure,
717 371 760 375 —
786 349 1191 392 excommunicationes,
1218 351 1479 396 suspensiones,
1505 352 1712 396 interdicta,

207 430 251 435 —u
276 407 436 443 maxime
461 420 547 444 vero
572 420 666 452 quae
690 407 770 454 ipso
795 408 894 444 facto
918 408 1173 451 incurruntur,
1199 410 1237 445 et
1261 421 1355 454 quae
1381 413 1467 446 sunt
1493 412 1526 448 S.
1543 412 1715 449 Pontifici

206 469 415 503 reservatae
441 467 557 507 (salvo
583 470 710 502 tamen
748 468 782 502 S.
809 467 996 502 Pontificis
1016 467 1156 513 judicio
1183 469 1220 503 et
1240 468 1351 514 jure).
1406 469 1547 505 Harum
1579 471 1715 517 quippe

206 537 380 561 numerus
405 526 461 561 ita
485 526 668 568 excrevit,
710 527 757 562 ad
782 527 891 571 plura
918 526 1056 562 scilicet
1081 527 1234 562 centena
1252 527 1287 572 ¹),
1325 529 1367 563 ut
1394 528 1457 563 vix
1481 529 1578 564 ullus
1603 529 1652 564 sit
1675 529 1716 564 in

207 584 294 619 orbe
319 585 561 620 confessarius
598 585 661 629 qui
698 585 782 619 illas
819 596 944 620 omnes
983 585 1096 627 scire,
1138 586 1196 620 vel
1220 585 1382 622 retinere
1407 587 1563 630 valeret3
1601 589 1660 631 et,
1686 587 1716 623 si

208 643 360 678 cunctae
385 643 472 678 illae
499 655 672 679 censurae
696 644 734 678 in
762 645 888 689 vigore
914 655 987 679 esse
1013 644 1206 687 dicantur,
1232 645 1368 690 jugum
1392 646 1478 681 inde
1503 659 1635 692 parum
1659 647 1716 682 to-

205 700 358 736 lerabile
383 701 612 736 conscientiis
638 701 859 747 imponitur,
897 714 990 746 quae
1017 702 1067 738 sic
1090 703 1130 737 in
1155 704 1408 748 contemptum
1432 716 1636 750 poenarum
1659 705 1715 741 in-

207 761 404 803 ducuntur,
443 761 501 796 vel
527 761 777 796 anxietatibus
802 762 839 796 et
864 761 1044 806 scrupulis
1068 761 1308 807 implicantur
1324 762 1362 808 ²).

209 864 262 901 De
279 864 591 901 reservationibus
609 866 842 910 peccatorum
860 866 894 900 S.
912 865 1082 901 Pontifici
1100 866 1149 901 ad
1166 865 1354 911 pauciores
1372 877 1476 901 casus
1492 866 1717 903 reducendis.

302 947 582 984 Reservationes
608 948 844 992 peccatorum
871 948 904 983 S.
931 948 1121 990 Pontifici,
1149 948 1180 983 si
1205 960 1279 984 non
1305 949 1455 985 omnino
1488 949 1717 995 supprimen-

208 1006 285 1048 daS‚
313 1007 444 1042 saltem
471 1008 518 1042 ad
543 1007 733 1052 pauciores
759 1019 882 1049 casum
921 1019 1052 1051 eosque
1079 1007 1315 1053 gravissimos
1340 1019 1383 1043 ac
1406 1007 1635 1050 rarissimos,
1661 1020 1718 1043 re-

210 1065 304 1108 duci,
331 1066 430 1110 apud
455 1066 489 1101 S.
515 1065 731 1101 Pontificem
757 1065 994 1110 supplicetur.

303 1125 448 1160 Nostris
474 1125 610 1160 etenim
635 1124 864 1169 temporibus
889 1124 1050 1160 maxime
1087 1124 1200 1160 refert
1237 1126 1279 1160 ut
1314 1125 1472 1171 receptio
1497 1126 1719 1162 sacramenti

210 1182 457 1228 poenitentiae
473 1211 480 1225 ,
522 1195 543 1218 a
581 1195 652 1228 quo
687 1185 797 1218 tanta
826 1183 1112 1219 christianorum
1136 1184 1337 1220 multitudo
1373 1185 1570 1228 recedunt,
1607 1196 1720 1229 quam

211 1241 354 1277 facilior
380 1241 573 1277 efficiatur.
623 1243 670 1277 Et
693 1244 904 1287 praeterea,
944 1254 1024 1277 cum
1060 1243 1167 1278 hodie
1191 1243 1413 1288 impossibile
1439 1243 1486 1278 sit
1512 1244 1548 1278 et
1571 1254 1719 1288 prorsus

207 1300 430 1335 inusitatum
454 1300 694 1345 poenitentes,
721 1301 960 1345 quantumvis
985 1301 1038 1336 rei
1063 1301 1147 1343 sint,
1174 1302 1330 1337 Romam
1356 1301 1522 1344 mittere,
1548 1302 1591 1336 ut
1617 1301 1721 1337 abso-

210 1358 390 1394 lutionem
414 1360 604 1403 postulent
629 1361 666 1394 et
690 1359 895 1401 obtineant,
923 1359 1008 1394 inde
1034 1360 1076 1394 fit
1101 1360 1142 1394 ut
1167 1360 1366 1396 reservatio
1392 1371 1545 1395 casuum
1570 1360 1604 1395 S.
1626 1359 1721 1395 Pon-

211 1418 301 1453 tifici
325 1419 406 1463 jam
432 1431 505 1455 non
531 1419 620 1464 ipsis
646 1419 931 1463 poenitentibus,
959 1419 1050 1454 bene
1077 1430 1162 1455 vero
1189 1418 1274 1454 solis
1300 1417 1537 1455 Confessariis
1562 1430 1722 1464 poenam

212 1478 249 1512 et
274 1477 481 1512 molestiam
506 1477 654 1514 inferat.

304 1536 435 1571 Nonne
459 1538 641 1572 mutanda
656 1565 663 1579 ‚
703 1538 760 1573 vel
787 1538 997 1583 mitiganda
1022 1539 1115 1573 esset
1139 1537 1335 1583 disciplina
1350 1565 1358 1580 ,
1396 1548 1491 1581 quae
1529 1538 1566 1573 et
1589 1548 1722 1582 parum

213 1594 315 1630 utilis
340 1595 479 1637 evasit,
517 1597 553 1630 et
577 1597 635 1632 tot
674 1598 775 1631 creat
799 1596 1049 1639 difficultates,
1077 1597 1276 1642 cujusque,
1313 1596 1352 1631 in
1391 1608 1558 1639 summa,
1595 1594 1721 1641 praxis

211 1665 325 1699 prope
350 1653 537 1688 reducitur
564 1654 611 1689 ad
636 1654 843 1690 taediosum
869 1654 1101 1696 litterarum,
1143 1654 1241 1690 inter
1267 1654 1405 1689 scribas
1443 1654 1722 1699 episcopatuum

210 1714 247 1748 et
271 1712 408 1747 scribas
433 1712 555 1748 curiae
580 1713 781 1755 Romanae,
811 1713 1095 1748 commercium?

308 1771 408 1806 Haec
432 1771 648 1807 reformatio
674 1782 825 1806 casuum
851 1772 884 1807 S.
910 1771 1082 1807 Pontifici
1107 1772 1375 1807 reservatorum
1401 1782 1443 1806 eo
1469 1771 1589 1817 magis
1615 1782 1638 1805 a
1662 1770 1723 1805 be-

211 1828 396 1874 nignitate
422 1829 456 1864 S.
482 1829 677 1866 Pontificia
711 1831 934 1875 postulanda
970 1830 1133 1873 videtur,
1170 1831 1269 1875 quod
1303 1851 1346 1855 —
1381 1832 1527 1876 praeter
1560 1828 1723 1865 rationes

214 1900 327 1933 supra
353 1888 488 1923 allatas
514 1911 557 1914 —
583 1889 731 1925 illorum
768 1901 919 1925 casuum
943 1901 1135 1932 numerus,
1171 1888 1447 1924 decurrentibus
1472 1887 1642 1930 saeculis,
1667 1886 1723 1922 ita

217 1946 388 1989 excrevit,
417 1947 504 1981 dum
530 1947 639 1983 simul
667 1948 776 1983 multi
803 1960 846 1984 ex
863 1948 936 1983 illis
962 1949 1020 1984 vel
1038 1949 1309 1991 obsoleverunt,
1336 1948 1394 1983 vel
1411 1947 1450 1982 in
1467 1946 1578 1983 variis
1603 1945 1722 1991 regio-

214 2005 322 2041 nibus
348 2018 416 2041 usu
440 2007 578 2052 recepti
603 2018 676 2042 non
702 2007 863 2050 fuerunt,
890 2007 949 2043 vel
975 2007 1237 2043 consuetudine
1258 2004 1444 2043 contraria
1469 2004 1600 2041 aboliti
1626 2004 1724 2046 sunt,

213 2066 256 2099 ut
277 2065 358 2109 jam
386 2076 492 2100 nemo
516 2066 617 2101 extet
643 2066 681 2100 in
707 2067 786 2101 toto
810 2066 895 2102 orbe
921 2068 1118 2108 terrarum,
1145 2066 1208 2110 qui
1233 2067 1331 2101 certo
1356 2065 1474 2101 dicere
1498 2064 1619 2110 posset
1643 2063 1724 2107 qui—

313 2183 334 2223 ¹)
361 2187 469 2216 videri
495 2190 601 2226 potest
640 2197 750 2217 earum
790 2190 941 2229 aliqualis
969 2188 1119 2218 elenchus
1160 2183 1195 2216 2⁰
1222 2189 1284 2218 vol.
1348 2187 1459 2217 Theol.
1495 2185 1721 2222 Buzembaum,

213 2235 334 2264 Romae
362 2243 401 2262 ex
428 2235 513 2273 typis
540 2234 572 2263 S.
598 2235 804 2273 Propagand.
844 2235 944 2265 1847.

310 2276 334 2318 2)
361 2281 509 2320 Episcopi
534 2282 653 2310 Italiae
678 2283 711 2310 in
737 2284 802 2311 suis
828 2283 869 2311 ad
896 2284 1013 2312 Concil.
1049 2283 1133 2311 Trid.
1160 2283 1355 2322 postulatis,
1396 2281 1456 2310 hoc
1491 2281 1577 2310 idem
1613 2282 1723 2309 votum

213 2329 306 2357 euixe
331 2328 576 2367 proponebant,
615 2331 650 2357 ut
684 2329 807 2358 scilicet
841 2329 1187 2359 excommunicationes
1226 2329 1477 2358 innumerabiles
1517 2328 1558 2356 ad
1596 2327 1722 2366 aliquas

212 2384 331 2414 paucas
357 2377 390 2403 et
415 2377 520 2403 certas
546 2375 792 2411 reducerentur,
820 2385 877 2405 ncc
903 2385 1025 2415 poenae
1053 2377 1132 2405 adeo
1160 2385 1291 2414 graves,
1317 2377 1350 2405 in
1374 2377 1553 2415 posterum,
1580 2374 1641 2403 nisi
1666 2383 1722 2413 pro

213 2423 316 2452 causis
344 2422 525 2459 gravissimi
552 2423 704 2451 momenti
733 2424 950 2452 edicerentur:

312 2468 365 2498 »Si
389 2471 520 2508 possent
545 2470 730 2499 innumerae
757 2470 1100 2499 excommunicationes
1129 2469 1169 2498 ad
1196 2469 1350 2508 pauciora
1376 2470 1408 2497 et
1434 2468 1475 2497 ad
1500 2469 1589 2497 certa
1614 2467 1724 2507 capita,

212 2516 333 2554 redigi!

312 2563 550 2592 »Moderandae
589 2573 672 2602 quae
709 2563 741 2591 in
781 2563 888 2592 Coena
913 2563 1039 2591 Domini
1073 2563 1246 2600 leguntur,
1286 2564 1322 2590 ut
1347 2564 1396 2590 ost
1421 2561 1478 2590 illa
1503 2570 1586 2601 quae
1612 2563 1724 2591 contra

215 2610 399 2639 deferentes
426 2619 517 2640 arma
543 2611 584 2640 ad
608 2610 754 2639 infideles
784 2611 852 2639 lata
879 2612 938 2638 est.

309 2657 683 2686 »Excommunicat-iones
708 2666 771 2686 non
797 2657 1012 2686 concedantur
1036 2657 1096 2685 nisi
1123 2665 1178 2695 pro
1209 2655 1304 2685 rebus
1332 2655 1462 2684 maximi
1488 2655 1670 2684 momenti«

311 2704 357 2732 Cf.
385 2705 485 2733 etiam
512 2705 678 2743 postulata
705 2704 876 2733 Oratorum
902 2703 1047 2732 Galliae:

316 2751 412 2780 :Cum
450 2745 739 2780 excommunicatio
778 2751 819 2779 sit
845 2751 1007 2780 Ecclesiae
1042 2758 1207 2789 supremus
1233 2748 1380 2786 gladius,
1420 2757 1482 2778 non
1519 2751 1568 2778 est
1602 2749 1723 2788 passim

215 2797 429 2834 decernenda,
458 2798 514 2826 sed
539 2807 595 2837 pro
622 2798 812 2835 gravissimo
839 2799 967 2826 tantum
992 2799 1133 2836 peccato,
1172 2805 1242 2825 cum
1268 2796 1300 2824 in
1325 2804 1371 2832 e0‚
1398 2798 1471 2836 post
1495 2805 1593 2825 unam
1619 2798 1651 2825 et
1677 2796 1726 2825 al-

221 2853 322 2880 eram,
350 2847 383 2874 et
408 2854 641 2884 nonnunquam
666 2846 798 2875 tertiam
822 2845 1040 2881 monitionem,
1066 2852 1138 2874 reus
1164 2845 1375 2883 perseveret.«
