1812 3088
637 100 891 137 Aktenstiicke
915 100 1034 135 XIH*.
1491 103 1574 144 299

579 217 632 251 De
655 215 805 262 synodis
829 215 1069 251 Dioecesanis.

173 287 388 323 Habeantur
412 285 609 328 interdum,
637 285 790 330 singulis
816 297 850 319 v.
876 297 911 330 g.
936 284 1112 327 trienniis,
1139 285 1197 321 vel
1221 285 1489 330 quinquenniis,
1517 298 1575 332 sy-

80 346 167 381 nodi
192 345 433 387 dioecesanae,
459 343 499 378 in
515 343 647 387 quibus
672 342 839 387 Episcopi
864 343 908 377 de
933 343 978 377 iis
1002 343 1160 379 maxime
1179 355 1273 388 quae
1297 345 1344 380 ad
1370 345 1576 381 clericalem

79 403 321 449 disciplinam,
347 403 483 438 bonum
507 401 760 447 paroeciarum
785 401 966 446 regimen,
996 401 1187 446 mediaque
1213 402 1342 438 salutis
1367 403 1574 439 animarum

79 462 333 507 procurandae
357 461 544 506 spectant,
571 471 654 494 cum
679 459 780 494 Clero
807 471 880 502 suo,
908 460 1186 495 communisatis
1211 461 1387 504 consiliis,
1412 463 1576 498 tractent

79 522 117 557 et
145 521 327 556 statuant.

494 623 546 657 De
571 622 829 657 reformatione
850 622 946 667 juris
980 623 1155 658 canonici.

169 704 493 741 Evidentissimum
518 704 581 745 est,
608 703 655 738 ab
682 703 850 738 omnibus
870 704 1016 749 jamdiu
1042 705 1230 750 agnitum,
1268 707 1305 740 et
1329 705 1464 750 ubique
1489 717 1572 741 con-

77 763 289 805 clamatum,
310 761 405 808 juris
430 761 596 797 canonici
620 761 784 805 aliquam
820 761 1036 798 revisionem
1062 765 1098 798 et
1123 764 1420 800 reformationem
1454 775 1573 799 neces-

77 820 215 857 sariam
238 831 323 858 esse,
351 820 527 864 valdeque
553 820 756 864 urgentem.
806 819 991 864 Siquidem
1006 848 1013 862 ‚
1056 822 1101 856 ob
1127 822 1206 856 tam
1231 821 1450 866 multiplices
1488 833 1573 867 gra-

79 890 211 923 vesque
234 890 357 914 rerum
381 879 418 912 et
435 877 618 913 societatis
644 878 826 912 humanae
850 879 1082 922 mutationes,
1108 880 1205 926 leges
1221 880 1437 925 permultae,
1464 891 1573 924 quae-

77 939 164 973 dam
189 937 350 979 inutiles,
375 936 469 972 aliae
497 937 691 971 observatu
716 936 955 980 impossibiles
981 939 1046 972 aut
1072 938 1328 979 difficillimae,
1364 940 1571 973 evaserunt.

77 997 130 1032 De
154 995 354 1031 innumeris
389 1006 529 1039 quoque
567 995 766 1030 canonibus
803 995 1005 1040 ambigitur
1047 997 1170 1031 utrum
1208 997 1383 1032 hactenus
1420 996 1573 1042 vigeant

77 1066 200 1091 necne.
247 1055 411 1096 Demum,
450 1066 514 1098 per
550 1054 606 1088 tot
631 1054 858 1089 saeculorum
882 1054 1074 1089 decursum
1107 1054 1162 1089 ita
1187 1055 1346 1090 excrevit
1368 1058 1491 1100 legum
1516 1066 1571 1090 ec-

77 1112 361 1148 clesiasticarum
387 1123 567 1153 numerus,
593 1113 629 1146 et
654 1111 752 1156 leges
776 1110 862 1146 illae
886 1111 924 1145 in
951 1111 1162 1157 ingentibus
1183 1113 1279 1158 juris
1296 1113 1568 1148 collectionibus

79 1171 168 1206 adeo
195 1170 401 1204 cumulatae
425 1170 531 1211 sunt,
566 1170 610 1203 ut
634 1169 756 1212 aliquo
782 1181 887 1204 sensu
912 1169 1033 1205 dicere
1057 1181 1259 1215 possemus:
1297 1170 1484 1206 obruimur
1521 1171 1570 1206 le-

79 1227 199 1274 gibus.
246 1227 340 1261 Hinc
377 1227 419 1261 fit
453 1228 495 1261 ut
532 1226 693 1261 studium
714 1227 809 1272 juris
835 1228 1000 1263 canonici
1024 1228 1178 1263 infinitis
1203 1240 1315 1273 prope
1351 1230 1388 1264 et
1423 1228 1572 1264 inextri-

76 1285 255 1321 cabilibus
280 1285 559 1320 difficultatibus
582 1284 811 1330 implicetur:
849 1286 1104 1321 controversiis
1141 1299 1184 1322 ac
1220 1287 1444 1332 processibus
1469 1287 1570 1322 latis-

76 1344 187 1379 simus
212 1343 309 1379 locus
333 1344 482 1388 pateat3
519 1345 555 1379 et
578 1343 820 1379 conscientiae
845 1344 946 1379 mille
970 1344 1219 1380 anxietatibus
1245 1348 1443 1390 angantur,
1471 1346 1507 1380 et
1530 1345 1570 1380 in

77 1402 327 1446 contemptum
352 1402 477 1447 legum
501 1401 751 1447 impellantur.

167 1460 366 1496 Concilium
391 1460 507 1505 igitur
532 1461 580 1495 ad
604 1460 744 1506 grande
769 1461 837 1495 hoc
860 1462 897 1495 et
922 1460 1166 1496 necessarium
1191 1472 1280 1506 opus
1298 1461 1568 1497 reformationis

72 1519 167 1565 juris
184 1518 350 1554 canonici
364 1519 552 1553 attendere
566 1519 714 1554 omnino
732 1519 935 1563 optandum
953 1520 1006 1554 est
1015 1534 1023 1562 3
1044 1520 1141 1563 quod
1156 1521 1197 1553 ut
1214 1519 1470 1555 convenienter
1484 1520 1568 1554 fiat:

169 1576 203 1612 1⁰
226 1576 423 1612 Concilium
449 1589 514 1622 per
540 1588 575 1612 se
591 1577 711 1622 ipsum
729 1577 937 1612 decerneret
961 1577 1175 1621 praecipuos
1200 1578 1236 1613 et
1259 1578 1378 1623 magis
1395 1579 1569 1623 urgentes

75 1635 348 1671 reformationis
373 1634 556 1677 articulos,
595 1636 777 1680 simulque
801 1636 981 1672 indicaret
1017 1648 1090 1680 qua
1115 1637 1235 1671 mente
1260 1638 1297 1671 et
1322 1648 1482 1680 quonam
1508 1648 1568 1681 ge-

74 1694 193 1729 nerali
218 1695 393 1738 conceptu
418 1693 629 1729 reformatio
651 1694 746 1739 juris
771 1694 898 1739 peragi
925 1694 1067 1729 debeat.

165 1752 200 1786 2⁰
223 1751 480 1787 Institueretnr
504 1752 750 1797 Congregaffio
787 1752 913 1796 aliqua
938 1752 1102 1797 specialis
1141 1752 1431 1789 doctissimorum
1465 1754 1567 1789 theo-

73 1810 240 1856 logorum
265 1811 302 1846 et
326 1810 611 1852 canonistarum,
638 1811 746 1845 simul
771 1812 807 1846 et
845 1811 1008 1846 virorum
1041 1811 1199 1846 maxime
1231 1811 1495 1856 practicorum,
1531 1813 1568 1846 et

73 1879 117 1903 ex
142 1867 310 1903 omnibus
337 1871 607 1914 assumptorum
640 1869 872 1909 nationibus,
913 1869 975 1912 qui
1013 1869 1223 1904 universum
1256 1870 1317 1915 jus
1353 1868 1567 1904 canonicum

73 1926 321 1962 attentissima
345 1927 521 1962 revisione
545 1927 836 1972 introspicerent,
876 1929 930 1969 et,
958 1927 1102 1972 rejectis
1129 1938 1221 1971 quae
1246 1927 1465 1972 rejicienda,
1490 1938 1567 1962 mo-

72 1983 229 2019 dificatis
264 1996 357 2029 quae
382 1985 642 2027 modificanda,
681 1985 817 2020 additis
843 1997 935 2029 quae
960 1986 1128 2020 addenda
1160 1985 1391 2027 viderentur,
1430 1996 1567 2020 novum

73 2041 210 2086 Corpus
231 2043 326 2088 juris
349 2044 575 2083 conficerent,
602 2044 699 2087 quod
724 2043 839 2078 statui
864 2043 1050 2088 praesenti
1074 2043 1254 2078 Ecclesiae
1279 2043 1400 2087 aptius
1428 2054 1566 2078 accom-

73 2099 273 2142 modatum,
298 2099 498 2145 titulisque,
537 2102 718 2146 capitibus
754 2103 790 2137 et
816 2101 980 2136 articulis
1004 2102 1113 2146 juxta
1138 2101 1376 2136 materiarum
1400 2101 1566 2136 ordinem

73 2157 273 2202 digestum,
310 2158 395 2194 huic
431 2159 589 2194 Concilio
626 2159 870 2200 oecumenico,
913 2159 967 2193 vel
1001 2159 1109 2193 alteri
1134 2159 1298 2204 proxime
1322 2159 1565 2201 convocando,

73 2214 360 2250 examinandum
387 2217 692 2262 sanciendumque
720 2219 980 2262 proponeretur
999 2218 1034 2262 ¹).

170 2353 334 2394 »Concilia
358 2355 578 2394 provincialia,
616 2359 672 2385 aut
698 2357 882 2394 synodalia,
918 2356 1118 2386 celebrentur
1152 2356 1242 2385 annis
1267 2355 1369 2384 tribus
1398 2355 1560 2392 singulis.«

73 2401 207 2435 (Postul.
235 2401 346 2430 Barth.
374 2411 393 2431 a
418 2402 567 2440 Martyr.)

168 2448 347 2477 »Decernat
373 2448 491 2477 Sancta
515 2449 680 2486 Synodus,
722 2453 758 2478 ut
783 2458 844 2478 non
883 2451 983 2478 solum
1009 2449 1127 2486 Synodi
1152 2449 1356 2487 Episcopales
1394 2448 1566 2487 quotannis

72 2495 170 2522 semel
197 2515 203 2522 .
230 2515 237 2522 .
265 2514 272 2521 .
298 2515 306 2529 ,
344 2495 400 2523 sed
426 2496 523 2524 etiam
549 2496 643 2524 tertio
670 2505 794 2535 quoquc
829 2504 911 2524 anno
938 2497 1147 2535 provinciales
1183 2498 1445 2532 congr-egentum<
1492 2489 1566 2534 (Po-

72 2541 148 2569 stul.
175 2540 344 2569 Oratorum
374 2541 471 2579 Regis
497 2541 594 2578 Gall.)

172 2583 193 2623 ¹)
220 2587 350 2625 Aliquid
378 2589 481 2617 simile
508 2590 539 2617 in
567 2588 683 2617 Concil.
711 2588 796 2616 Trid.
822 2589 1019 2627 postulatum
1044 2589 1217 2628 reperitur:

169 2633 379 2670 »Deligantur
407 2635 465 2664 hoc
490 2636 522 2664 in
549 2644 637 2663 sacro
665 2635 802 2663 Concilio
828 2635 887 2663 viri
913 2635 1047 2664 scientia
1073 2638 1105 2664 et
1130 2634 1289 2673 probitate
1315 2633 1485 2672 conspicui,
1511 2634 1566 2672 qui

71 2679 312 2708 constitut-iones
339 2690 445 2710 omnes
472 2682 657 2716 Canonicas,
696 2682 819 2720 peccati
847 2682 994 2720 capitalis
1031 2684 1157 2710 reatum
1181 2682 1366 2710 inducentes
1400 2680 1566 2709 excutiant

72 2725 241 2763 diligenter
266 2733 298 2755 et
324 2731 495 2767 exponant,
522 2729 714 2767 videantque
748 2737 824 2756 num
849 2728 889 2757 ab
916 2728 1071 2765 ejusmodi
1095 2731 1188 2757 reatu
1213 2736 1379 2767 poenaque
1404 2727 1564 2766 quaedam

73 2780 182 2800 earum
207 2772 386 2810 eximenda,
423 2775 538 2813 quidve
564 2774 647 2804 circa
672 2774 753 2803 haec
778 2775 884 2803 omnia
910 2775 1114 2804 statuendum
1140 2775 1237 2803 fucrit
1270 2777 1300 2803 et
1328 2773 1561 2804 observandum

73 2821 183 2856 aperte
208 2819 371 2849 declarent
389 2831 401 2844 x<
455 2822 588 2855 (Postul.
615 2820 711 2858 Regis
737 2820 851 2857 Lusit.)
