<?xml version="1.0" encoding="UTF-8"?>
<!DOCTYPE html PUBLIC "-//W3C//DTD XHTML 1.0 Transitional//EN"
    "http://www.w3.org/TR/xhtml1/DTD/xhtml1-transitional.dtd">
<html xmlns="http://www.w3.org/1999/xhtml" xml:lang="en" lang="en">
 <head>
  <title>
</title>
<meta http-equiv="Content-Type" content="text/html;charset=utf-8" />
  <meta name='ocr-system' content='tesseract 3.04.00' />
  <meta name='ocr-capabilities' content='ocr_page ocr_carea ocr_par ocr_line ocrx_word'/>
</head>
<body>
  <div class='ocr_page' id='page_1' title='image "./aktenstuckediea00frie_0339.png"; bbox 0 0 1812 3088; ppageno 0'>
   <div class='ocr_carea' id='block_1_1' title="bbox 646 67 1588 115">
    <p class='ocr_par' dir='ltr' id='par_1_1' title="bbox 646 67 1588 115">
     <span class='ocr_line' id='line_1_1' title="bbox 646 67 1588 115; baseline 0.014 -12"><span class='ocrx_word' id='word_1_1' title='bbox 646 67 897 104; x_wconf 76' lang='lat' dir='ltr'>Aktenstiicke</span> <span class='ocrx_word' id='word_1_2' title='bbox 922 68 1056 104; x_wconf 78' lang='lat' dir='ltr'>XV11*.</span> <span class='ocrx_word' id='word_1_3' title='bbox 1507 75 1530 114; x_wconf 85' lang='lat'>3</span> <span class='ocrx_word' id='word_1_4' title='bbox 1536 77 1558 115; x_wconf 88' lang='grc'><strong>2</strong></span> <span class='ocrx_word' id='word_1_5' title='bbox 1566 77 1588 115; x_wconf 87' lang='lat'>5</span> 
     </span>
    </p>
   </div>
   <div class='ocr_carea' id='block_1_2' title="bbox 99 183 1593 404">
    <p class='ocr_par' dir='ltr' id='par_1_2' title="bbox 99 183 1593 404">
     <span class='ocr_line' id='line_1_2' title="bbox 103 183 1592 231; baseline 0.002 -11"><span class='ocrx_word' id='word_1_6' title='bbox 103 185 141 220; x_wconf 87' lang='lat' dir='ltr'>et</span> <span class='ocrx_word' id='word_1_7' title='bbox 167 183 349 228; x_wconf 87' lang='lat' dir='ltr'>avellitur,</span> <span class='ocrx_word' id='word_1_8' title='bbox 375 184 428 220; x_wconf 88' lang='lat' dir='ltr'>ita</span> <span class='ocrx_word' id='word_1_9' title='bbox 452 196 517 230; x_wconf 90' lang='lat' dir='ltr'>per</span> <span class='ocrx_word' id='word_1_10' title='bbox 541 184 782 220; x_wconf 86' lang='lat' dir='ltr'>matrimonia</span> <span class='ocrx_word' id='word_1_11' title='bbox 807 184 926 220; x_wconf 89' lang='lat' dir='ltr'>mixta</span> <span class='ocrx_word' id='word_1_12' title='bbox 949 185 1117 231; x_wconf 74' lang='lat' dir='ltr'>integrae</span> <span class='ocrx_word' id='word_1_13' title='bbox 1141 185 1306 222; x_wconf 86' lang='lat' dir='ltr'>familiae</span> <span class='ocrx_word' id='word_1_14' title='bbox 1330 187 1442 223; x_wconf 90' lang='lat' dir='ltr'>matri</span> <span class='ocrx_word' id='word_1_15' title='bbox 1467 188 1592 224; x_wconf 88' lang='lat' dir='ltr'>catho-</span> 
     </span>
     <span class='ocr_line' id='line_1_3' title="bbox 99 241 1593 290; baseline 0.003 -13"><span class='ocrx_word' id='word_1_16' title='bbox 99 241 193 278; x_wconf 86' lang='lat' dir='ltr'>licae</span> <span class='ocrx_word' id='word_1_17' title='bbox 217 242 396 279; x_wconf 79' lang='lat' dir='ltr'>Ecclesiae</span> <span class='ocrx_word' id='word_1_18' title='bbox 420 243 679 279; x_wconf 87' lang='lat' dir='ltr'>abalienantur</span> <span class='ocrx_word' id='word_1_19' title='bbox 703 244 813 287; x_wconf 86' lang='lat' dir='ltr'>atque</span> <span class='ocrx_word' id='word_1_20' title='bbox 838 244 885 279; x_wconf 91' lang='lat' dir='ltr'>ad</span> <span class='ocrx_word' id='word_1_21' title='bbox 910 244 1058 288; x_wconf 88' lang='lat' dir='ltr'>plenum</span> <span class='ocrx_word' id='word_1_22' title='bbox 1075 243 1424 280; x_wconf 88' lang='lat' dir='ltr'>Indifferentismum</span> <span class='ocrx_word' id='word_1_23' title='bbox 1447 248 1593 290; x_wconf 89' lang='lat' dir='ltr'>protra-</span> 
     </span>
     <span class='ocr_line' id='line_1_4' title="bbox 101 300 1592 349; baseline 0.003 -14"><span class='ocrx_word' id='word_1_24' title='bbox 101 300 260 344; x_wconf 81' lang='lat' dir='ltr'>huntur3</span> <span class='ocrx_word' id='word_1_25' title='bbox 285 312 349 346; x_wconf 90' lang='lat' dir='ltr'>per</span> <span class='ocrx_word' id='word_1_26' title='bbox 371 303 567 345; x_wconf 86' lang='lat' dir='ltr'>utrumque</span> <span class='ocrx_word' id='word_1_27' title='bbox 584 300 738 344; x_wconf 88' lang='lat' dir='ltr'>denique</span> <span class='ocrx_word' id='word_1_28' title='bbox 762 300 966 345; x_wconf 89' lang='lat' dir='ltr'>impietatis</span> <span class='ocrx_word' id='word_1_29' title='bbox 984 302 1144 336; x_wconf 89' lang='lat' dir='ltr'>medium</span> <span class='ocrx_word' id='word_1_30' title='bbox 1162 301 1310 347; x_wconf 88' lang='lat' dir='ltr'>spiritus</span> <span class='ocrx_word' id='word_1_31' title='bbox 1327 303 1436 349; x_wconf 84' lang='lat' dir='ltr'>hujus</span> <span class='ocrx_word' id='word_1_32' title='bbox 1459 304 1592 340; x_wconf 80' lang='lat' dir='ltr'>saeculi</span> 
     </span>
     <span class='ocr_line' id='line_1_5' title="bbox 101 358 1173 404; baseline 0.002 -10"><span class='ocrx_word' id='word_1_33' title='bbox 101 369 259 404; x_wconf 79' lang='lat' dir='ltr'>nequam</span> <span class='ocrx_word' id='word_1_34' title='bbox 284 359 481 395; x_wconf 81' lang='lat' dir='ltr'>Ecclesiam</span> <span class='ocrx_word' id='word_1_35' title='bbox 505 358 544 393; x_wconf 89' lang='lat' dir='ltr'>in</span> <span class='ocrx_word' id='word_1_36' title='bbox 569 358 762 404; x_wconf 88' lang='lat' dir='ltr'>semetipsa</span> <span class='ocrx_word' id='word_1_37' title='bbox 786 358 982 395; x_wconf 78' lang='lat' dir='ltr'>dissolvere</span> <span class='ocrx_word' id='word_1_38' title='bbox 1007 362 1173 396; x_wconf 85' lang='lat' dir='ltr'>conatur.</span> 
     </span>
    </p>
   </div>
   <div class='ocr_carea' id='block_1_3' title="bbox 526 499 1173 605">
    <p class='ocr_par' dir='ltr' id='par_1_3' title="bbox 526 499 1173 605">
     <span class='ocr_line' id='line_1_6' title="bbox 815 499 878 534; baseline -0.016 0"><span class='ocrx_word' id='word_1_39' title='bbox 815 499 878 534; x_wconf 89' lang='lat' dir='ltr'>III.</span> 
     </span>
     <span class='ocr_line' id='line_1_7' title="bbox 526 568 1173 605; baseline 0.002 -1"><span class='ocrx_word' id='word_1_40' title='bbox 526 568 701 605; x_wconf 83' lang='lat' dir='ltr'>Remedia</span> <span class='ocrx_word' id='word_1_41' title='bbox 726 569 774 604; x_wconf 89' lang='lat' dir='ltr'>ad</span> <span class='ocrx_word' id='word_1_42' title='bbox 798 569 998 605; x_wconf 88' lang='lat' dir='ltr'>arcendum</span> <span class='ocrx_word' id='word_1_43' title='bbox 1024 570 1173 605; x_wconf 88' lang='lat' dir='ltr'>malum.</span> 
     </span>
    </p>
   </div>
   <div class='ocr_carea' id='block_1_4' title="bbox 92 651 1592 2851">
    <p class='ocr_par' dir='ltr' id='par_1_4' title="bbox 93 651 1592 1512">
     <span class='ocr_line' id='line_1_8' title="bbox 194 651 1592 697; baseline 0.001 -11"><span class='ocrx_word' id='word_1_44' title='bbox 194 652 337 697; x_wconf 87' lang='lat' dir='ltr'>Urgens</span> <span class='ocrx_word' id='word_1_45' title='bbox 370 651 565 686; x_wconf 71' lang='lat' dir='ltr'>necessitas</span> <span class='ocrx_word' id='word_1_46' title='bbox 603 663 795 696; x_wconf 82' lang='lat' dir='ltr'>exposcere</span> <span class='ocrx_word' id='word_1_47' title='bbox 825 651 992 694; x_wconf 87' lang='lat' dir='ltr'>videtur,</span> <span class='ocrx_word' id='word_1_48' title='bbox 1032 654 1073 686; x_wconf 91' lang='lat' dir='ltr'>ut</span> <span class='ocrx_word' id='word_1_49' title='bbox 1105 663 1148 687; x_wconf 91' lang='lat' dir='ltr'>ex</span> <span class='ocrx_word' id='word_1_50' title='bbox 1183 653 1216 687; x_wconf 88' lang='lat' dir='ltr'>S.</span> <span class='ocrx_word' id='word_1_51' title='bbox 1242 652 1392 688; x_wconf 87' lang='lat' dir='ltr'>Concilii</span> <span class='ocrx_word' id='word_1_52' title='bbox 1418 653 1592 688; x_wconf 88' lang='lat' dir='ltr'>Vaticani</span> 
     </span>
     <span class='ocr_line' id='line_1_9' title="bbox 103 708 1590 755; baseline 0.001 -10"><span class='ocrx_word' id='word_1_53' title='bbox 103 709 271 745; x_wconf 81' lang='lat' dir='ltr'>&#39;consultu</span> <span class='ocrx_word' id='word_1_54' title='bbox 296 708 493 744; x_wconf 83' lang='lat' dir='ltr'>severiores</span> <span class='ocrx_word' id='word_1_55' title='bbox 525 709 725 745; x_wconf 85' lang='lat' dir='ltr'>universim</span> <span class='ocrx_word' id='word_1_56' title='bbox 758 709 795 744; x_wconf 93' lang='lat' dir='ltr'>in</span> <span class='ocrx_word' id='word_1_57' title='bbox 829 709 947 744; x_wconf 86' lang='lat' dir='ltr'>mixta</span> <span class='ocrx_word' id='word_1_58' title='bbox 980 709 1219 745; x_wconf 88' lang='lat' dir='ltr'>matrimonia</span> <span class='ocrx_word' id='word_1_59' title='bbox 1244 710 1340 755; x_wconf 86' lang='lat' dir='ltr'>leges</span> <span class='ocrx_word' id='word_1_60' title='bbox 1366 711 1590 754; x_wconf 70' lang='lat' dir='ltr'>statuantur,</span> 
     </span>
     <span class='ocr_line' id='line_1_10' title="bbox 101 767 1592 813; baseline 0.001 -11"><span class='ocrx_word' id='word_1_61' title='bbox 101 767 164 802; x_wconf 85' lang='lat' dir='ltr'>sed</span> <span class='ocrx_word' id='word_1_62' title='bbox 188 767 446 803; x_wconf 82' lang='lat' dir='ltr'>difficillimum</span> <span class='ocrx_word' id='word_1_63' title='bbox 471 769 536 811; x_wconf 90' lang='lat' dir='ltr'>est,</span> <span class='ocrx_word' id='word_1_64' title='bbox 563 769 670 813; x_wconf 88' lang='lat' dir='ltr'>aptas</span> <span class='ocrx_word' id='word_1_65' title='bbox 697 768 945 811; x_wconf 84' lang='lat' dir='ltr'>salutaresque</span> <span class='ocrx_word' id='word_1_66' title='bbox 971 768 1068 813; x_wconf 87' lang='lat' dir='ltr'>leges</span> <span class='ocrx_word' id='word_1_67' title='bbox 1094 769 1141 803; x_wconf 92' lang='lat' dir='ltr'>ad</span> <span class='ocrx_word' id='word_1_68' title='bbox 1167 769 1361 804; x_wconf 84' lang='lat' dir='ltr'>coercenda</span> <span class='ocrx_word' id='word_1_69' title='bbox 1377 769 1468 804; x_wconf 90' lang='lat' dir='ltr'>haec</span> <span class='ocrx_word' id='word_1_70' title='bbox 1492 770 1592 804; x_wconf 89' lang='lat' dir='ltr'>mala</span> 
     </span>
     <span class='ocr_line' id='line_1_11' title="bbox 101 825 1590 871; baseline 0.001 -10"><span class='ocrx_word' id='word_1_71' title='bbox 101 836 316 871; x_wconf 85' lang='lat' dir='ltr'>proponere,</span> <span class='ocrx_word' id='word_1_72' title='bbox 343 837 425 861; x_wconf 88' lang='lat' dir='ltr'>cum</span> <span class='ocrx_word' id='word_1_73' title='bbox 452 826 603 868; x_wconf 90' lang='lat' dir='ltr'>malum,</span> <span class='ocrx_word' id='word_1_74' title='bbox 638 826 681 860; x_wconf 91' lang='lat' dir='ltr'>de</span> <span class='ocrx_word' id='word_1_75' title='bbox 707 836 778 869; x_wconf 89' lang='lat' dir='ltr'>quo</span> <span class='ocrx_word' id='word_1_76' title='bbox 804 825 938 870; x_wconf 88' lang='lat' dir='ltr'>agitur,</span> <span class='ocrx_word' id='word_1_77' title='bbox 966 838 1166 870; x_wconf 88' lang='lat' dir='ltr'>pravorum</span> <span class='ocrx_word' id='word_1_78' title='bbox 1191 827 1440 871; x_wconf 89' lang='lat' dir='ltr'>exemplorum</span> <span class='ocrx_word' id='word_1_79' title='bbox 1464 827 1590 862; x_wconf 89' lang='lat' dir='ltr'>multi-</span> 
     </span>
     <span class='ocr_line' id='line_1_12' title="bbox 100 883 1590 930; baseline 0.001 -11"><span class='ocrx_word' id='word_1_80' title='bbox 100 883 240 926; x_wconf 79' lang='lat' dir='ltr'>tudine,</span> <span class='ocrx_word' id='word_1_81' title='bbox 266 883 496 930; x_wconf 86' lang='lat' dir='ltr'>suffragante</span> <span class='ocrx_word' id='word_1_82' title='bbox 512 883 625 928; x_wconf 89' lang='lat' dir='ltr'>impio</span> <span class='ocrx_word' id='word_1_83' title='bbox 642 883 705 929; x_wconf 83' lang='lat' dir='ltr'>huj</span> <span class='ocrx_word' id='word_1_84' title='bbox 712 895 752 918; x_wconf 90' lang='lat' dir='ltr'>us</span> <span class='ocrx_word' id='word_1_85' title='bbox 770 883 851 918; x_wconf 89' lang='lat' dir='ltr'>aevi</span> <span class='ocrx_word' id='word_1_86' title='bbox 868 884 987 928; x_wconf 89' lang='lat' dir='ltr'>genio,</span> <span class='ocrx_word' id='word_1_87' title='bbox 1014 884 1087 920; x_wconf 87' lang='lat' dir='ltr'>levi</span> <span class='ocrx_word' id='word_1_88' title='bbox 1106 885 1377 921; x_wconf 90' lang='lat' dir='ltr'>Catholicorum</span> <span class='ocrx_word' id='word_1_89' title='bbox 1392 885 1472 927; x_wconf 89' lang='lat' dir='ltr'>fide,</span> <span class='ocrx_word' id='word_1_90' title='bbox 1499 886 1590 922; x_wconf 90' lang='lat' dir='ltr'>adeo</span> 
     </span>
     <span class='ocr_line' id='line_1_13' title="bbox 97 941 1588 987; baseline 0.001 -10"><span class='ocrx_word' id='word_1_91' title='bbox 97 942 303 985; x_wconf 86' lang='lat' dir='ltr'>inoleverit,</span> <span class='ocrx_word' id='word_1_92' title='bbox 329 944 372 977; x_wconf 93' lang='lat' dir='ltr'>ut</span> <span class='ocrx_word' id='word_1_93' title='bbox 396 942 459 987; x_wconf 87' lang='lat' dir='ltr'>qui</span> <span class='ocrx_word' id='word_1_94' title='bbox 484 942 625 977; x_wconf 88' lang='lat' dir='ltr'>zizania</span> <span class='ocrx_word' id='word_1_95' title='bbox 649 941 820 986; x_wconf 85' lang='lat' dir='ltr'>colligere</span> <span class='ocrx_word' id='word_1_96' title='bbox 846 941 1022 984; x_wconf 88' lang='lat' dir='ltr'>voluerit,</span> <span class='ocrx_word' id='word_1_97' title='bbox 1056 941 1164 977; x_wconf 85' lang='lat' dir='ltr'>facile</span> <span class='ocrx_word' id='word_1_98' title='bbox 1189 943 1350 979; x_wconf 83' lang='lat' dir='ltr'>eradicet</span> <span class='ocrx_word' id='word_1_99' title='bbox 1374 943 1483 978; x_wconf 90' lang='lat' dir='ltr'>simul</span> <span class='ocrx_word' id='word_1_100' title='bbox 1509 955 1588 978; x_wconf 87' lang='lat' dir='ltr'>cum</span> 
     </span>
     <span class='ocr_line' id='line_1_14' title="bbox 99 999 1591 1046; baseline 0 -10"><span class='ocrx_word' id='word_1_101' title='bbox 99 1000 149 1037; x_wconf 89' lang='lat' dir='ltr'>eis</span> <span class='ocrx_word' id='word_1_102' title='bbox 172 1001 209 1036; x_wconf 83' lang='lat' dir='ltr'>et</span> <span class='ocrx_word' id='word_1_103' title='bbox 233 1000 400 1035; x_wconf 87' lang='lat' dir='ltr'>triticum</span> <span class='ocrx_word' id='word_1_104' title='bbox 424 1000 573 1045; x_wconf 89' lang='lat' dir='ltr'>(Matth.</span> <span class='ocrx_word' id='word_1_105' title='bbox 601 1001 654 1043; x_wconf 86' lang='lat'>13,</span> <span class='ocrx_word' id='word_1_106' title='bbox 681 1000 762 1044; x_wconf 54' lang='lat'>290.</span> <span class='ocrx_word' id='word_1_107' title='bbox 811 999 1001 1043; x_wconf 85' lang='lat' dir='ltr'>Numquid</span> <span class='ocrx_word' id='word_1_108' title='bbox 1025 1000 1141 1045; x_wconf 86' lang='lat' dir='ltr'>igitur</span> <span class='ocrx_word' id='word_1_109' title='bbox 1160 1001 1338 1037; x_wconf 84' lang='lat' dir='ltr'>Ecclesiae</span> <span class='ocrx_word' id='word_1_110' title='bbox 1363 1002 1520 1046; x_wconf 86' lang='lat' dir='ltr'>expedit,</span> <span class='ocrx_word' id='word_1_111' title='bbox 1549 1002 1591 1036; x_wconf 89' lang='lat' dir='ltr'>ut</span> 
     </span>
     <span class='ocr_line' id='line_1_15' title="bbox 97 1058 1590 1104; baseline 0.001 -10"><span class='ocrx_word' id='word_1_112' title='bbox 97 1069 254 1094; x_wconf 90' lang='lat' dir='ltr'>crescere</span> <span class='ocrx_word' id='word_1_113' title='bbox 279 1058 377 1093; x_wconf 91' lang='lat' dir='ltr'>sinat</span> <span class='ocrx_word' id='word_1_114' title='bbox 401 1059 557 1103; x_wconf 89' lang='lat' dir='ltr'>utraque</span> <span class='ocrx_word' id='word_1_115' title='bbox 581 1070 693 1102; x_wconf 88' lang='lat' dir='ltr'>usque</span> <span class='ocrx_word' id='word_1_116' title='bbox 719 1058 767 1092; x_wconf 87' lang='lat' dir='ltr'>ad</span> <span class='ocrx_word' id='word_1_117' title='bbox 793 1069 945 1093; x_wconf 89' lang='lat' dir='ltr'>messem</span> <span class='ocrx_word' id='word_1_118' title='bbox 971 1058 1028 1092; x_wconf 89' lang='lat' dir='ltr'>vel</span> <span class='ocrx_word' id='word_1_119' title='bbox 1053 1059 1145 1094; x_wconf 86' lang='lat' dir='ltr'>falce</span> <span class='ocrx_word' id='word_1_120' title='bbox 1163 1059 1303 1094; x_wconf 86' lang='lat' dir='ltr'>zizania</span> <span class='ocrx_word' id='word_1_121' title='bbox 1321 1061 1467 1095; x_wconf 89' lang='lat' dir='ltr'>evertat</span> <span class='ocrx_word' id='word_1_122' title='bbox 1485 1071 1590 1104; x_wconf 88' lang='lat' dir='ltr'>opor—</span> 
     </span>
     <span class='ocr_line' id='line_1_16' title="bbox 94 1115 1590 1160; baseline 0 -8"><span class='ocrx_word' id='word_1_123' title='bbox 94 1116 176 1153; x_wconf 77' lang='lat' dir='ltr'>tet?</span> <span class='ocrx_word' id='word_1_124' title='bbox 225 1116 409 1160; x_wconf 80' lang='lat' dir='ltr'>Quidquid</span> <span class='ocrx_word' id='word_1_125' title='bbox 436 1116 495 1159; x_wconf 84' lang='lat' dir='ltr'>sit,</span> <span class='ocrx_word' id='word_1_126' title='bbox 522 1116 730 1152; x_wconf 89' lang='lat' dir='ltr'>consultum</span> <span class='ocrx_word' id='word_1_127' title='bbox 748 1115 893 1150; x_wconf 90' lang='lat' dir='ltr'>videtur</span> <span class='ocrx_word' id='word_1_128' title='bbox 910 1127 977 1160; x_wconf 92' lang='lat' dir='ltr'>pro</span> <span class='ocrx_word' id='word_1_129' title='bbox 1000 1116 1202 1151; x_wconf 89' lang='lat' dir='ltr'>universali</span> <span class='ocrx_word' id='word_1_130' title='bbox 1219 1117 1379 1153; x_wconf 88' lang='lat' dir='ltr'>Ecclesia</span> <span class='ocrx_word' id='word_1_131' title='bbox 1404 1119 1448 1152; x_wconf 92' lang='lat' dir='ltr'>de</span> <span class='ocrx_word' id='word_1_132' title='bbox 1464 1117 1590 1152; x_wconf 82' lang='lat' dir='ltr'>mixtis</span> 
     </span>
     <span class='ocr_line' id='line_1_17' title="bbox 97 1173 1590 1219; baseline 0 -9"><span class='ocrx_word' id='word_1_133' title='bbox 97 1173 343 1210; x_wconf 86' lang='lat' dir='ltr'>matrimoniis</span> <span class='ocrx_word' id='word_1_134' title='bbox 368 1175 486 1210; x_wconf 88' lang='lat' dir='ltr'>certas</span> <span class='ocrx_word' id='word_1_135' title='bbox 513 1175 673 1209; x_wconf 83' lang='lat' dir='ltr'>statuere</span> <span class='ocrx_word' id='word_1_136' title='bbox 698 1174 795 1219; x_wconf 86' lang='lat' dir='ltr'>leges</span> <span class='ocrx_word' id='word_1_137' title='bbox 822 1174 877 1208; x_wconf 91' lang='lat' dir='ltr'>vel</span> <span class='ocrx_word' id='word_1_138' title='bbox 900 1174 981 1218; x_wconf 81' lang='lat' dir='ltr'>jam</span> <span class='ocrx_word' id='word_1_139' title='bbox 1008 1174 1167 1209; x_wconf 88' lang='lat' dir='ltr'>statutas</span> <span class='ocrx_word' id='word_1_140' title='bbox 1186 1175 1395 1212; x_wconf 88' lang='lat' dir='ltr'>solemniter</span> <span class='ocrx_word' id='word_1_141' title='bbox 1412 1176 1590 1211; x_wconf 84' lang='lat' dir='ltr'>innovare</span> 
     </span>
     <span class='ocr_line' id='line_1_18' title="bbox 96 1231 1589 1278; baseline -0.001 -9"><span class='ocrx_word' id='word_1_142' title='bbox 96 1235 208 1278; x_wconf 88' lang='lat' dir='ltr'>atque</span> <span class='ocrx_word' id='word_1_143' title='bbox 234 1232 420 1278; x_wconf 88' lang='lat' dir='ltr'>Episcopis</span> <span class='ocrx_word' id='word_1_144' title='bbox 455 1232 547 1268; x_wconf 87' lang='lat' dir='ltr'>serio</span> <span class='ocrx_word' id='word_1_145' title='bbox 581 1231 784 1274; x_wconf 89' lang='lat' dir='ltr'>inculcare,</span> <span class='ocrx_word' id='word_1_146' title='bbox 820 1233 863 1266; x_wconf 89' lang='lat' dir='ltr'>ut</span> <span class='ocrx_word' id='word_1_147' title='bbox 897 1232 1074 1267; x_wconf 87' lang='lat' dir='ltr'>uniformi</span> <span class='ocrx_word' id='word_1_148' title='bbox 1107 1233 1215 1277; x_wconf 82' lang='lat' dir='ltr'>praxi</span> <span class='ocrx_word' id='word_1_149' title='bbox 1246 1233 1381 1278; x_wconf 83' lang='lat' dir='ltr'>ubique</span> <span class='ocrx_word' id='word_1_150' title='bbox 1405 1235 1589 1268; x_wconf 87' lang='lat' dir='ltr'>terrarum</span> 
     </span>
     <span class='ocr_line' id='line_1_19' title="bbox 94 1290 1590 1338; baseline 0 -12"><span class='ocrx_word' id='word_1_151' title='bbox 94 1292 205 1338; x_wconf 88' lang='lat' dir='ltr'>juxta</span> <span class='ocrx_word' id='word_1_152' title='bbox 230 1292 328 1337; x_wconf 89' lang='lat' dir='ltr'>leges</span> <span class='ocrx_word' id='word_1_153' title='bbox 352 1291 520 1327; x_wconf 86' lang='lat' dir='ltr'>ferendas</span> <span class='ocrx_word' id='word_1_154' title='bbox 546 1291 582 1325; x_wconf 91' lang='lat' dir='ltr'>et</span> <span class='ocrx_word' id='word_1_155' title='bbox 607 1291 703 1325; x_wconf 87' lang='lat' dir='ltr'>latas</span> <span class='ocrx_word' id='word_1_156' title='bbox 720 1291 850 1325; x_wconf 89' lang='lat' dir='ltr'>contra</span> <span class='ocrx_word' id='word_1_157' title='bbox 867 1290 985 1325; x_wconf 89' lang='lat' dir='ltr'>mixta</span> <span class='ocrx_word' id='word_1_158' title='bbox 1002 1291 1240 1327; x_wconf 84' lang='lat' dir='ltr'>matrimonia</span> <span class='ocrx_word' id='word_1_159' title='bbox 1256 1292 1468 1337; x_wconf 83' lang='lat' dir='ltr'>procedant.</span> <span class='ocrx_word' id='word_1_160' title='bbox 1492 1292 1590 1327; x_wconf 88' lang='lat' dir='ltr'>Nam</span> 
     </span>
     <span class='ocr_line' id='line_1_20' title="bbox 93 1348 1590 1395; baseline -0.002 -9"><span class='ocrx_word' id='word_1_161' title='bbox 93 1350 124 1386; x_wconf 90' lang='lat' dir='ltr'>si</span> <span class='ocrx_word' id='word_1_162' title='bbox 148 1350 294 1386; x_wconf 86' lang='lat' dir='ltr'>diversa</span> <span class='ocrx_word' id='word_1_163' title='bbox 317 1350 443 1395; x_wconf 84' lang='lat' dir='ltr'>praxis</span> <span class='ocrx_word' id='word_1_164' title='bbox 469 1350 540 1384; x_wconf 91' lang='lat' dir='ltr'>huc</span> <span class='ocrx_word' id='word_1_165' title='bbox 563 1349 652 1384; x_wconf 92' lang='lat' dir='ltr'>illuc</span> <span class='ocrx_word' id='word_1_166' title='bbox 670 1349 717 1384; x_wconf 87' lang='lat' dir='ltr'>ab</span> <span class='ocrx_word' id='word_1_167' title='bbox 735 1348 921 1393; x_wconf 89' lang='lat' dir='ltr'>Episcopis</span> <span class='ocrx_word' id='word_1_168' title='bbox 938 1351 1111 1391; x_wconf 84' lang='lat' dir='ltr'>servetur,</span> <span class='ocrx_word' id='word_1_169' title='bbox 1137 1349 1324 1395; x_wconf 86' lang='lat' dir='ltr'>integrum</span> <span class='ocrx_word' id='word_1_170' title='bbox 1351 1349 1423 1385; x_wconf 89' lang='lat' dir='ltr'>odii</span> <span class='ocrx_word' id='word_1_171' title='bbox 1448 1350 1590 1394; x_wconf 89' lang='lat' dir='ltr'>pondus</span> 
     </span>
     <span class='ocr_line' id='line_1_21' title="bbox 95 1407 1589 1453; baseline -0.001 -9"><span class='ocrx_word' id='word_1_172' title='bbox 95 1420 140 1444; x_wconf 88' lang='lat' dir='ltr'>ex</span> <span class='ocrx_word' id='word_1_173' title='bbox 163 1408 270 1453; x_wconf 84' lang='lat' dir='ltr'>parte</span> <span class='ocrx_word' id='word_1_174' title='bbox 293 1407 492 1453; x_wconf 89' lang='lat' dir='ltr'>impiorum</span> <span class='ocrx_word' id='word_1_175' title='bbox 515 1408 624 1443; x_wconf 90' lang='lat' dir='ltr'>cadat</span> <span class='ocrx_word' id='word_1_176' title='bbox 649 1407 687 1442; x_wconf 88' lang='lat' dir='ltr'>in</span> <span class='ocrx_word' id='word_1_177' title='bbox 712 1407 933 1452; x_wconf 82' lang='lat' dir='ltr'>Episcopum</span> <span class='ocrx_word' id='word_1_178' title='bbox 959 1419 1102 1443; x_wconf 89' lang='lat' dir='ltr'>necesse</span> <span class='ocrx_word' id='word_1_179' title='bbox 1126 1409 1198 1451; x_wconf 85' lang='lat' dir='ltr'>est,</span> <span class='ocrx_word' id='word_1_180' title='bbox 1233 1408 1296 1452; x_wconf 90' lang='lat' dir='ltr'>qui</span> <span class='ocrx_word' id='word_1_181' title='bbox 1329 1407 1589 1444; x_wconf 87' lang='lat' dir='ltr'>ecclesiasticas</span> 
     </span>
     <span class='ocr_line' id='line_1_22' title="bbox 93 1466 419 1512; baseline -0.003 -11"><span class='ocrx_word' id='word_1_182' title='bbox 93 1467 191 1512; x_wconf 88' lang='lat' dir='ltr'>leges</span> <span class='ocrx_word' id='word_1_183' title='bbox 215 1466 419 1511; x_wconf 88' lang='lat' dir='ltr'>exequitur.</span> 
     </span>
    </p>

    <p class='ocr_par' dir='ltr' id='par_1_5' title="bbox 92 1523 1589 2094">
     <span class='ocr_line' id='line_1_23' title="bbox 186 1523 1589 1570; baseline 0 -12"><span class='ocrx_word' id='word_1_184' title='bbox 186 1524 288 1567; x_wconf 83' lang='lat' dir='ltr'>Quod</span> <span class='ocrx_word' id='word_1_185' title='bbox 313 1524 343 1559; x_wconf 90' lang='lat' dir='ltr'>si</span> <span class='ocrx_word' id='word_1_186' title='bbox 369 1535 454 1560; x_wconf 86' lang='lat' dir='ltr'>vero</span> <span class='ocrx_word' id='word_1_187' title='bbox 479 1525 654 1570; x_wconf 84' lang='lat' dir='ltr'>conjuges</span> <span class='ocrx_word' id='word_1_188' title='bbox 680 1526 972 1569; x_wconf 81' lang='lat' dir='ltr'>transgressores</span> <span class='ocrx_word' id='word_1_189' title='bbox 997 1523 1166 1568; x_wconf 85' lang='lat' dir='ltr'>nuspiam</span> <span class='ocrx_word' id='word_1_190' title='bbox 1185 1523 1310 1568; x_wconf 87' lang='lat' dir='ltr'>aliqua</span> <span class='ocrx_word' id='word_1_191' title='bbox 1327 1524 1487 1559; x_wconf 87' lang='lat' dir='ltr'>Censura</span> <span class='ocrx_word' id='word_1_192' title='bbox 1505 1534 1589 1568; x_wconf 90' lang='lat' dir='ltr'>poe-</span> 
     </span>
     <span class='ocr_line' id='line_1_24' title="bbox 93 1581 1588 1626; baseline -0.001 -9"><span class='ocrx_word' id='word_1_193' title='bbox 93 1582 170 1618; x_wconf 87' lang='lat' dir='ltr'>nali</span> <span class='ocrx_word' id='word_1_194' title='bbox 195 1582 394 1626; x_wconf 75' lang='lat' dir='ltr'>feriuntur,</span> <span class='ocrx_word' id='word_1_195' title='bbox 428 1584 516 1619; x_wconf 88' lang='lat' dir='ltr'>ordo</span> <span class='ocrx_word' id='word_1_196' title='bbox 541 1582 824 1618; x_wconf 88' lang='lat' dir='ltr'>matrimonialis</span> <span class='ocrx_word' id='word_1_197' title='bbox 851 1583 888 1618; x_wconf 90' lang='lat' dir='ltr'>et</span> <span class='ocrx_word' id='word_1_198' title='bbox 913 1581 1093 1617; x_wconf 85' lang='lat' dir='ltr'>Ecclesiae</span> <span class='ocrx_word' id='word_1_199' title='bbox 1121 1581 1322 1617; x_wconf 85' lang='lat' dir='ltr'>auctoritas</span> <span class='ocrx_word' id='word_1_200' title='bbox 1345 1581 1480 1626; x_wconf 90' lang='lat' dir='ltr'>ubique</span> <span class='ocrx_word' id='word_1_201' title='bbox 1504 1594 1588 1617; x_wconf 90' lang='lat' dir='ltr'>con-</span> 
     </span>
     <span class='ocr_line' id='line_1_25' title="bbox 92 1640 1587 1686; baseline -0.001 -10"><span class='ocrx_word' id='word_1_202' title='bbox 92 1651 196 1676; x_wconf 88' lang='lat' dir='ltr'>cussa</span> <span class='ocrx_word' id='word_1_203' title='bbox 220 1641 447 1686; x_wconf 82' lang='lat' dir='ltr'>pedetentim</span> <span class='ocrx_word' id='word_1_204' title='bbox 481 1641 657 1676; x_wconf 87' lang='lat' dir='ltr'>concidet.</span> <span class='ocrx_word' id='word_1_205' title='bbox 704 1641 803 1675; x_wconf 89' lang='lat' dir='ltr'>Nam</span> <span class='ocrx_word' id='word_1_206' title='bbox 839 1640 1013 1675; x_wconf 87' lang='lat' dir='ltr'>scandala</span> <span class='ocrx_word' id='word_1_207' title='bbox 1045 1640 1193 1685; x_wconf 85' lang='lat' dir='ltr'>publica</span> <span class='ocrx_word' id='word_1_208' title='bbox 1227 1640 1371 1685; x_wconf 86' lang='lat' dir='ltr'>poenali</span> <span class='ocrx_word' id='word_1_209' title='bbox 1406 1640 1482 1674; x_wconf 90' lang='lat' dir='ltr'>ictu</span> <span class='ocrx_word' id='word_1_210' title='bbox 1511 1652 1587 1675; x_wconf 91' lang='lat' dir='ltr'>non</span> 
     </span>
     <span class='ocr_line' id='line_1_26' title="bbox 93 1697 1588 1744; baseline -0.002 -10"><span class='ocrx_word' id='word_1_211' title='bbox 93 1698 251 1744; x_wconf 88' lang='lat' dir='ltr'>amplius</span> <span class='ocrx_word' id='word_1_212' title='bbox 267 1699 456 1735; x_wconf 89' lang='lat' dir='ltr'>vindicata</span> <span class='ocrx_word' id='word_1_213' title='bbox 474 1701 668 1744; x_wconf 88' lang='lat' dir='ltr'>contagem</span> <span class='ocrx_word' id='word_1_214' title='bbox 687 1698 862 1735; x_wconf 87' lang='lat' dir='ltr'>vitiorum</span> <span class='ocrx_word' id='word_1_215' title='bbox 880 1698 978 1733; x_wconf 87' lang='lat' dir='ltr'>inter</span> <span class='ocrx_word' id='word_1_216' title='bbox 995 1698 1118 1733; x_wconf 90' lang='lat' dir='ltr'>fideles</span> <span class='ocrx_word' id='word_1_217' title='bbox 1137 1698 1359 1743; x_wconf 85' lang='lat' dir='ltr'>dispergent,</span> <span class='ocrx_word' id='word_1_218' title='bbox 1379 1697 1588 1732; x_wconf 80' lang='lat' dir='ltr'>christiani-</span> 
     </span>
     <span class='ocr_line' id='line_1_27' title="bbox 97 1755 1589 1802; baseline -0.002 -10"><span class='ocrx_word' id='word_1_219' title='bbox 97 1769 167 1802; x_wconf 87' lang='lat' dir='ltr'>que</span> <span class='ocrx_word' id='word_1_220' title='bbox 190 1757 419 1794; x_wconf 87' lang='lat' dir='ltr'>matrimonii</span> <span class='ocrx_word' id='word_1_221' title='bbox 444 1758 609 1794; x_wconf 87' lang='lat' dir='ltr'>ordinem</span> <span class='ocrx_word' id='word_1_222' title='bbox 635 1760 671 1793; x_wconf 90' lang='lat' dir='ltr'>et</span> <span class='ocrx_word' id='word_1_223' title='bbox 696 1758 935 1792; x_wconf 87' lang='lat' dir='ltr'>sanctitatem</span> <span class='ocrx_word' id='word_1_224' title='bbox 961 1757 1120 1792; x_wconf 88' lang='lat' dir='ltr'>diruent.</span> <span class='ocrx_word' id='word_1_225' title='bbox 1169 1756 1374 1791; x_wconf 89' lang='lat' dir='ltr'>Arceantur</span> <span class='ocrx_word' id='word_1_226' title='bbox 1404 1755 1520 1801; x_wconf 87' lang='lat' dir='ltr'>igitur</span> <span class='ocrx_word' id='word_1_227' title='bbox 1545 1756 1589 1790; x_wconf 86' lang='lat' dir='ltr'>de</span> 
     </span>
     <span class='ocr_line' id='line_1_28' title="bbox 93 1813 1589 1861; baseline -0.003 -10"><span class='ocrx_word' id='word_1_228' title='bbox 93 1816 274 1853; x_wconf 89' lang='lat' dir='ltr'>Ecclesiae</span> <span class='ocrx_word' id='word_1_229' title='bbox 301 1816 382 1851; x_wconf 88' lang='lat' dir='ltr'>sinu</span> <span class='ocrx_word' id='word_1_230' title='bbox 405 1818 442 1851; x_wconf 86' lang='lat' dir='ltr'>et</span> <span class='ocrx_word' id='word_1_231' title='bbox 466 1816 684 1861; x_wconf 83' lang='lat' dir='ltr'>rejiciantur</span> <span class='ocrx_word' id='word_1_232' title='bbox 710 1827 731 1850; x_wconf 89' lang='lat' dir='ltr'>a</span> <span class='ocrx_word' id='word_1_233' title='bbox 758 1815 1011 1850; x_wconf 90' lang='lat' dir='ltr'>communione</span> <span class='ocrx_word' id='word_1_234' title='bbox 1029 1815 1106 1860; x_wconf 83' lang='lat' dir='ltr'>ejus</span> <span class='ocrx_word' id='word_1_235' title='bbox 1124 1814 1208 1849; x_wconf 86' lang='lat' dir='ltr'>falsi</span> <span class='ocrx_word' id='word_1_236' title='bbox 1233 1814 1390 1850; x_wconf 90' lang='lat' dir='ltr'>nominis</span> <span class='ocrx_word' id='word_1_237' title='bbox 1408 1813 1589 1849; x_wconf 85' lang='lat' dir='ltr'>Catholici</span> 
     </span>
     <span class='ocr_line' id='line_1_29' title="bbox 93 1872 1587 1921; baseline -0.001 -12"><span class='ocrx_word' id='word_1_238' title='bbox 93 1875 285 1921; x_wconf 80' lang='lat' dir='ltr'>conjuges,</span> <span class='ocrx_word' id='word_1_239' title='bbox 321 1875 383 1918; x_wconf 90' lang='lat' dir='ltr'>qui</span> <span class='ocrx_word' id='word_1_240' title='bbox 417 1875 589 1920; x_wconf 87' lang='lat' dir='ltr'>protervo</span> <span class='ocrx_word' id='word_1_241' title='bbox 625 1874 731 1909; x_wconf 87' lang='lat' dir='ltr'>vultu</span> <span class='ocrx_word' id='word_1_242' title='bbox 764 1873 1053 1919; x_wconf 87' lang='lat' dir='ltr'>sapientissimas</span> <span class='ocrx_word' id='word_1_243' title='bbox 1077 1873 1257 1908; x_wconf 87' lang='lat' dir='ltr'>Ecclesiae</span> <span class='ocrx_word' id='word_1_244' title='bbox 1290 1874 1387 1918; x_wconf 87' lang='lat' dir='ltr'>leges</span> <span class='ocrx_word' id='word_1_245' title='bbox 1416 1874 1453 1907; x_wconf 90' lang='lat' dir='ltr'>et</span> <span class='ocrx_word' id='word_1_246' title='bbox 1479 1872 1587 1907; x_wconf 89' lang='lat' dir='ltr'>fidem</span> 
     </span>
     <span class='ocr_line' id='line_1_30' title="bbox 94 1928 1587 1976; baseline -0.001 -8"><span class='ocrx_word' id='word_1_247' title='bbox 94 1933 317 1968; x_wconf 85' lang='lat' dir='ltr'>catholicam</span> <span class='ocrx_word' id='word_1_248' title='bbox 341 1933 385 1968; x_wconf 91' lang='lat' dir='ltr'>de</span> <span class='ocrx_word' id='word_1_249' title='bbox 409 1932 733 1968; x_wconf 89' lang='lat' dir='ltr'>indissolubilitate</span> <span class='ocrx_word' id='word_1_250' title='bbox 751 1934 787 1967; x_wconf 90' lang='lat' dir='ltr'>et</span> <span class='ocrx_word' id='word_1_251' title='bbox 807 1932 951 1968; x_wconf 89' lang='lat' dir='ltr'>unitate</span> <span class='ocrx_word' id='word_1_252' title='bbox 968 1931 1196 1967; x_wconf 85' lang='lat' dir='ltr'>matrimonii</span> <span class='ocrx_word' id='word_1_253' title='bbox 1214 1928 1414 1976; x_wconf 77' lang='lat' dir='ltr'>infringere</span> <span class='ocrx_word' id='word_1_254' title='bbox 1432 1931 1587 1972; x_wconf 88' lang='lat' dir='ltr'>audent;</span> 
     </span>
     <span class='ocr_line' id='line_1_31' title="bbox 93 1988 1587 2037; baseline -0.002 -11"><span class='ocrx_word' id='word_1_255' title='bbox 93 1990 348 2027; x_wconf 86' lang='lat' dir='ltr'>rescindantur</span> <span class='ocrx_word' id='word_1_256' title='bbox 374 1992 464 2027; x_wconf 90' lang='lat' dir='ltr'>haec</span> <span class='ocrx_word' id='word_1_257' title='bbox 479 1991 632 2037; x_wconf 88' lang='lat' dir='ltr'>putrida</span> <span class='ocrx_word' id='word_1_258' title='bbox 649 1990 813 2026; x_wconf 89' lang='lat' dir='ltr'>membra</span> <span class='ocrx_word' id='word_1_259' title='bbox 832 2003 854 2026; x_wconf 90' lang='lat' dir='ltr'>a</span> <span class='ocrx_word' id='word_1_260' title='bbox 871 1991 1012 2034; x_wconf 88' lang='lat' dir='ltr'>reliquo</span> <span class='ocrx_word' id='word_1_261' title='bbox 1030 2001 1189 2034; x_wconf 90' lang='lat' dir='ltr'>corpore,</span> <span class='ocrx_word' id='word_1_262' title='bbox 1216 1990 1258 2024; x_wconf 91' lang='lat' dir='ltr'>ut</span> <span class='ocrx_word' id='word_1_263' title='bbox 1281 2000 1356 2024; x_wconf 91' lang='lat' dir='ltr'>una</span> <span class='ocrx_word' id='word_1_264' title='bbox 1383 2001 1464 2024; x_wconf 91' lang='lat' dir='ltr'>cum</span> <span class='ocrx_word' id='word_1_265' title='bbox 1489 1988 1587 2024; x_wconf 90' lang='lat' dir='ltr'>sanis</span> 
     </span>
     <span class='ocr_line' id='line_1_32' title="bbox 96 2047 1330 2094; baseline -0.002 -10"><span class='ocrx_word' id='word_1_266' title='bbox 96 2048 269 2084; x_wconf 87' lang='lat' dir='ltr'>membris</span> <span class='ocrx_word' id='word_1_267' title='bbox 295 2061 424 2094; x_wconf 90' lang='lat' dir='ltr'>corpus</span> <span class='ocrx_word' id='word_1_268' title='bbox 449 2051 599 2085; x_wconf 88' lang='lat' dir='ltr'>maneat</span> <span class='ocrx_word' id='word_1_269' title='bbox 623 2050 821 2094; x_wconf 89' lang='lat' dir='ltr'>integrum,</span> <span class='ocrx_word' id='word_1_270' title='bbox 848 2049 990 2083; x_wconf 89' lang='lat' dir='ltr'>salvum</span> <span class='ocrx_word' id='word_1_271' title='bbox 1016 2049 1128 2092; x_wconf 80' lang='lat' dir='ltr'>atque</span> <span class='ocrx_word' id='word_1_272' title='bbox 1151 2047 1330 2083; x_wconf 89' lang='lat' dir='ltr'>illaesum.</span> 
     </span>
    </p>

    <p class='ocr_par' dir='ltr' id='par_1_6' title="bbox 187 2106 1108 2152">
     <span class='ocr_line' id='line_1_33' title="bbox 187 2106 1108 2152; baseline -0.003 -9"><span class='ocrx_word' id='word_1_273' title='bbox 187 2109 287 2151; x_wconf 80' lang='lat' dir='ltr'>Quae</span> <span class='ocrx_word' id='word_1_274' title='bbox 313 2120 395 2143; x_wconf 90' lang='lat' dir='ltr'>cum</span> <span class='ocrx_word' id='word_1_275' title='bbox 420 2109 474 2144; x_wconf 91' lang='lat' dir='ltr'>ita</span> <span class='ocrx_word' id='word_1_276' title='bbox 500 2108 574 2143; x_wconf 88' lang='lat' dir='ltr'>sint</span> <span class='ocrx_word' id='word_1_277' title='bbox 599 2108 837 2143; x_wconf 89' lang='lat' dir='ltr'>statuendum</span> <span class='ocrx_word' id='word_1_278' title='bbox 862 2119 937 2143; x_wconf 91' lang='lat' dir='ltr'>esse</span> <span class='ocrx_word' id='word_1_279' title='bbox 963 2106 1108 2152; x_wconf 83' lang='lat' dir='ltr'>opinor:</span> 
     </span>
    </p>

    <p class='ocr_par' dir='ltr' id='par_1_7' title="bbox 92 2164 1587 2503">
     <span class='ocr_line' id='line_1_34' title="bbox 190 2164 1587 2212; baseline -0.001 -11"><span class='ocrx_word' id='word_1_280' title='bbox 190 2167 222 2201; x_wconf 92' lang='lat'>1.</span> <span class='ocrx_word' id='word_1_281' title='bbox 249 2167 382 2202; x_wconf 87' lang='lat' dir='ltr'>Omnes</span> <span class='ocrx_word' id='word_1_282' title='bbox 406 2167 601 2212; x_wconf 89' lang='lat' dir='ltr'>Episcopos</span> <span class='ocrx_word' id='word_1_283' title='bbox 626 2179 720 2202; x_wconf 92' lang='lat' dir='ltr'>novo</span> <span class='ocrx_word' id='word_1_284' title='bbox 745 2166 1015 2201; x_wconf 88' lang='lat' dir='ltr'>matrimoniali</span> <span class='ocrx_word' id='word_1_285' title='bbox 1040 2166 1191 2201; x_wconf 88' lang='lat' dir='ltr'>Decreto</span> <span class='ocrx_word' id='word_1_286' title='bbox 1217 2177 1239 2200; x_wconf 91' lang='lat' dir='ltr'>a</span> <span class='ocrx_word' id='word_1_287' title='bbox 1254 2166 1287 2200; x_wconf 92' lang='lat' dir='ltr'>S.</span> <span class='ocrx_word' id='word_1_288' title='bbox 1306 2165 1466 2200; x_wconf 82' lang='lat' dir='ltr'>Concilio</span> <span class='ocrx_word' id='word_1_289' title='bbox 1483 2164 1587 2200; x_wconf 87' lang='lat' dir='ltr'>Vati—</span> 
     </span>
     <span class='ocr_line' id='line_1_35' title="bbox 93 2222 1587 2272; baseline -0.003 -10"><span class='ocrx_word' id='word_1_290' title='bbox 93 2237 184 2262; x_wconf 88' lang='lat' dir='ltr'>cano</span> <span class='ocrx_word' id='word_1_291' title='bbox 208 2226 373 2272; x_wconf 88' lang='lat' dir='ltr'>proxime</span> <span class='ocrx_word' id='word_1_292' title='bbox 399 2226 544 2261; x_wconf 89' lang='lat' dir='ltr'>ferendo</span> <span class='ocrx_word' id='word_1_293' title='bbox 570 2225 690 2261; x_wconf 89' lang='lat' dir='ltr'>teneri</span> <span class='ocrx_word' id='word_1_294' title='bbox 709 2225 894 2270; x_wconf 86' lang='lat' dir='ltr'>publicam</span> <span class='ocrx_word' id='word_1_295' title='bbox 921 2236 964 2259; x_wconf 87' lang='lat' dir='ltr'>ac</span> <span class='ocrx_word' id='word_1_296' title='bbox 980 2224 1175 2259; x_wconf 84' lang='lat' dir='ltr'>solemnem</span> <span class='ocrx_word' id='word_1_297' title='bbox 1191 2222 1587 2259; x_wconf 86' lang='lat' dir='ltr'>Excommunicationis</span> 
     </span>
     <span class='ocr_line' id='line_1_36' title="bbox 93 2281 1587 2328; baseline -0.003 -8"><span class='ocrx_word' id='word_1_298' title='bbox 93 2284 323 2321; x_wconf 84' lang='lat' dir='ltr'>Sententiam</span> <span class='ocrx_word' id='word_1_299' title='bbox 346 2284 440 2320; x_wconf 87' lang='lat' dir='ltr'>ferre</span> <span class='ocrx_word' id='word_1_300' title='bbox 465 2283 504 2318; x_wconf 91' lang='lat' dir='ltr'>in</span> <span class='ocrx_word' id='word_1_301' title='bbox 530 2284 702 2328; x_wconf 83' lang='lat' dir='ltr'>conjuges</span> <span class='ocrx_word' id='word_1_302' title='bbox 727 2281 1044 2327; x_wconf 86' lang='lat' dir='ltr'>praevaricatores</span> <span class='ocrx_word' id='word_1_303' title='bbox 1062 2282 1128 2316; x_wconf 90' lang='lat' dir='ltr'>sub</span> <span class='ocrx_word' id='word_1_304' title='bbox 1153 2294 1253 2316; x_wconf 90' lang='lat' dir='ltr'>num.</span> <span class='ocrx_word' id='word_1_305' title='bbox 1273 2281 1303 2315; x_wconf 85' lang='lat'>1.</span> <span class='ocrx_word' id='word_1_306' title='bbox 1324 2282 1355 2315; x_wconf 82' lang='lat'>2.</span> <span class='ocrx_word' id='word_1_307' title='bbox 1372 2282 1409 2317; x_wconf 89' lang='lat' dir='ltr'>et</span> <span class='ocrx_word' id='word_1_308' title='bbox 1426 2282 1458 2315; x_wconf 83' lang='lat'>3.</span> <span class='ocrx_word' id='word_1_309' title='bbox 1476 2292 1587 2324; x_wconf 88' lang='lat' dir='ltr'>supra</span> 
     </span>
     <span class='ocr_line' id='line_1_37' title="bbox 93 2339 1586 2386; baseline -0.003 -9"><span class='ocrx_word' id='word_1_310' title='bbox 93 2343 403 2384; x_wconf 87' lang='lat' dir='ltr'>commemoratos,</span> <span class='ocrx_word' id='word_1_311' title='bbox 430 2352 523 2386; x_wconf 87' lang='lat' dir='ltr'>quae</span> <span class='ocrx_word' id='word_1_312' title='bbox 549 2339 736 2375; x_wconf 80' lang='lat' dir='ltr'>Sententia</span> <span class='ocrx_word' id='word_1_313' title='bbox 762 2350 903 2384; x_wconf 84' lang='lat' dir='ltr'>semper</span> <span class='ocrx_word' id='word_1_314' title='bbox 923 2351 945 2373; x_wconf 87' lang='lat' dir='ltr'>a</span> <span class='ocrx_word' id='word_1_315' title='bbox 961 2339 1135 2374; x_wconf 86' lang='lat' dir='ltr'>Parochis</span> <span class='ocrx_word' id='word_1_316' title='bbox 1161 2339 1287 2375; x_wconf 82' lang='lat' dir='ltr'>diebus</span> <span class='ocrx_word' id='word_1_317' title='bbox 1312 2339 1502 2375; x_wconf 87' lang='lat' dir='ltr'>dominicis</span> <span class='ocrx_word' id='word_1_318' title='bbox 1529 2339 1586 2373; x_wconf 87' lang='lat' dir='ltr'>vel</span> 
     </span>
     <span class='ocr_line' id='line_1_38' title="bbox 95 2385 1586 2445; baseline -0.003 -10"><span class='ocrx_word' id='word_1_319' title='bbox 95 2399 197 2436; x_wconf 82' lang='lat' dir='ltr'>festis</span> <span class='ocrx_word' id='word_1_320' title='bbox 222 2411 240 2435; x_wconf 93' lang='lat' dir='ltr'>e</span> <span class='ocrx_word' id='word_1_321' title='bbox 266 2385 382 2445; x_wconf 61' lang='lat' dir='ltr'>prono</span> <span class='ocrx_word' id='word_1_322' title='bbox 407 2398 679 2444; x_wconf 88' lang='lat' dir='ltr'>promulganda</span> <span class='ocrx_word' id='word_1_323' title='bbox 701 2397 879 2443; x_wconf 83' lang='lat' dir='ltr'>jubeatur</span> <span class='ocrx_word' id='word_1_324' title='bbox 904 2396 943 2431; x_wconf 91' lang='lat' dir='ltr'>in</span> <span class='ocrx_word' id='word_1_325' title='bbox 969 2397 1127 2432; x_wconf 90' lang='lat' dir='ltr'>Ecclesia</span> <span class='ocrx_word' id='word_1_326' title='bbox 1153 2397 1366 2442; x_wconf 87' lang='lat' dir='ltr'>parochiali,</span> <span class='ocrx_word' id='word_1_327' title='bbox 1401 2398 1449 2431; x_wconf 90' lang='lat' dir='ltr'>ad</span> <span class='ocrx_word' id='word_1_328' title='bbox 1475 2408 1586 2440; x_wconf 86' lang='lat' dir='ltr'>quam</span> 
     </span>
     <span class='ocr_line' id='line_1_39' title="bbox 92 2455 1100 2503; baseline -0.003 -11"><span class='ocrx_word' id='word_1_329' title='bbox 92 2457 265 2503; x_wconf 85' lang='lat' dir='ltr'>conjuges</span> <span class='ocrx_word' id='word_1_330' title='bbox 289 2457 341 2492; x_wconf 90' lang='lat' dir='ltr'>rei</span> <span class='ocrx_word' id='word_1_331' title='bbox 366 2469 430 2502; x_wconf 90' lang='lat' dir='ltr'>per</span> <span class='ocrx_word' id='word_1_332' title='bbox 456 2456 681 2492; x_wconf 90' lang='lat' dir='ltr'>domicilium</span> <span class='ocrx_word' id='word_1_333' title='bbox 705 2467 876 2501; x_wconf 90' lang='lat' dir='ltr'>praesens</span> <span class='ocrx_word' id='word_1_334' title='bbox 901 2455 1100 2499; x_wconf 87' lang='lat' dir='ltr'>pertinent.</span> 
     </span>
    </p>

    <p class='ocr_par' dir='ltr' id='par_1_8' title="bbox 92 2513 1587 2851">
     <span class='ocr_line' id='line_1_40' title="bbox 186 2513 1586 2560; baseline -0.001 -11"><span class='ocrx_word' id='word_1_335' title='bbox 186 2515 218 2549; x_wconf 85' lang='lat'>2.</span> <span class='ocrx_word' id='word_1_336' title='bbox 244 2516 473 2551; x_wconf 87' lang='lat' dir='ltr'>Facultatem</span> <span class='ocrx_word' id='word_1_337' title='bbox 499 2514 733 2560; x_wconf 85' lang='lat' dir='ltr'>dispensandi</span> <span class='ocrx_word' id='word_1_338' title='bbox 758 2515 801 2549; x_wconf 90' lang='lat' dir='ltr'>de</span> <span class='ocrx_word' id='word_1_339' title='bbox 834 2513 1095 2558; x_wconf 89' lang='lat' dir='ltr'>impedimento</span> <span class='ocrx_word' id='word_1_340' title='bbox 1121 2513 1350 2558; x_wconf 86' lang='lat' dir='ltr'>disparitatis</span> <span class='ocrx_word' id='word_1_341' title='bbox 1376 2514 1494 2548; x_wconf 88' lang='lat' dir='ltr'>cultus</span> <span class='ocrx_word' id='word_1_342' title='bbox 1520 2513 1586 2547; x_wconf 89' lang='lat' dir='ltr'>Or-</span> 
     </span>
     <span class='ocr_line' id='line_1_41' title="bbox 92 2570 1586 2614; baseline -0.004 -4"><span class='ocrx_word' id='word_1_343' title='bbox 92 2574 247 2610; x_wconf 88' lang='lat' dir='ltr'>dinariis</span> <span class='ocrx_word' id='word_1_344' title='bbox 271 2575 434 2610; x_wconf 88' lang='lat' dir='ltr'>locorum</span> <span class='ocrx_word' id='word_1_345' title='bbox 460 2584 535 2608; x_wconf 86' lang='lat' dir='ltr'>esse</span> <span class='ocrx_word' id='word_1_346' title='bbox 568 2572 848 2613; x_wconf 87' lang='lat' dir='ltr'>remittendam,</span> <span class='ocrx_word' id='word_1_347' title='bbox 884 2582 1036 2614; x_wconf 88' lang='lat' dir='ltr'>quorum</span> <span class='ocrx_word' id='word_1_348' title='bbox 1063 2571 1284 2606; x_wconf 88' lang='lat' dir='ltr'>conscientia</span> <span class='ocrx_word' id='word_1_349' title='bbox 1311 2570 1496 2606; x_wconf 88' lang='lat' dir='ltr'>oneranda</span> <span class='ocrx_word' id='word_1_350' title='bbox 1521 2571 1586 2613; x_wconf 89' lang='lat' dir='ltr'>est,</span> 
     </span>
     <span class='ocr_line' id='line_1_42' title="bbox 92 2628 1585 2679; baseline -0.004 -10"><span class='ocrx_word' id='word_1_351' title='bbox 92 2635 134 2669; x_wconf 89' lang='lat' dir='ltr'>ut</span> <span class='ocrx_word' id='word_1_352' title='bbox 159 2634 304 2669; x_wconf 89' lang='lat' dir='ltr'>nonnisi</span> <span class='ocrx_word' id='word_1_353' title='bbox 341 2633 407 2668; x_wconf 88' lang='lat' dir='ltr'>sub</span> <span class='ocrx_word' id='word_1_354' title='bbox 442 2632 618 2679; x_wconf 83' lang='lat' dir='ltr'>gravibus</span> <span class='ocrx_word' id='word_1_355' title='bbox 652 2631 769 2666; x_wconf 90' lang='lat' dir='ltr'>causis</span> <span class='ocrx_word' id='word_1_356' title='bbox 805 2631 841 2665; x_wconf 86' lang='lat' dir='ltr'>et</span> <span class='ocrx_word' id='word_1_357' title='bbox 876 2630 1029 2675; x_wconf 84' lang='lat' dir='ltr'>urgente</span> <span class='ocrx_word' id='word_1_358' title='bbox 1055 2629 1270 2664; x_wconf 87' lang='lat' dir='ltr'>necessitate</span> <span class='ocrx_word' id='word_1_359' title='bbox 1296 2630 1405 2673; x_wconf 85' lang='lat' dir='ltr'>atque</span> <span class='ocrx_word' id='word_1_360' title='bbox 1431 2628 1585 2673; x_wconf 85' lang='lat' dir='ltr'>singulis</span> 
     </span>
     <span class='ocr_line' id='line_1_43' title="bbox 95 2687 1581 2736; baseline -0.003 -10"><span class='ocrx_word' id='word_1_361' title='bbox 95 2691 235 2726; x_wconf 87' lang='lat' dir='ltr'>vicibus</span> <span class='ocrx_word' id='word_1_362' title='bbox 264 2691 410 2727; x_wconf 88' lang='lat' dir='ltr'>nonnisi</span> <span class='ocrx_word' id='word_1_363' title='bbox 427 2693 511 2736; x_wconf 87' lang='lat' dir='ltr'>post</span> <span class='ocrx_word' id='word_1_364' title='bbox 526 2691 695 2727; x_wconf 87' lang='lat' dir='ltr'>exactam</span> <span class='ocrx_word' id='word_1_365' title='bbox 714 2700 842 2724; x_wconf 89' lang='lat' dir='ltr'>causae</span> <span class='ocrx_word' id='word_1_366' title='bbox 858 2688 1146 2734; x_wconf 83' lang='lat' dir='ltr'>recognitionem</span> <span class='ocrx_word' id='word_1_367' title='bbox 1166 2687 1306 2733; x_wconf 85' lang='lat' dir='ltr'>judicio</span> <span class='ocrx_word' id='word_1_368' title='bbox 1323 2688 1381 2723; x_wconf 87' lang='lat' dir='ltr'>vel</span> <span class='ocrx_word' id='word_1_369' title='bbox 1399 2687 1581 2722; x_wconf 75' lang='lat' dir='ltr'>Sententia</span> 
     </span>
     <span class='ocr_line' id='line_1_44' title="bbox 95 2746 1587 2794; baseline -0.003 -10"><span class='ocrx_word' id='word_1_370' title='bbox 95 2750 134 2784; x_wconf 91' lang='lat' dir='ltr'>in</span> <span class='ocrx_word' id='word_1_371' title='bbox 161 2750 381 2785; x_wconf 87' lang='lat' dir='ltr'>Consistorio</span> <span class='ocrx_word' id='word_1_372' title='bbox 407 2750 486 2785; x_wconf 88' lang='lat' dir='ltr'>lata</span> <span class='ocrx_word' id='word_1_373' title='bbox 512 2748 822 2794; x_wconf 87' lang='lat' dir='ltr'>dispensationem</span> <span class='ocrx_word' id='word_1_374' title='bbox 847 2748 890 2782; x_wconf 89' lang='lat' dir='ltr'>de</span> <span class='ocrx_word' id='word_1_375' title='bbox 916 2747 1133 2792; x_wconf 87' lang='lat' dir='ltr'>disparitate</span> <span class='ocrx_word' id='word_1_376' title='bbox 1158 2747 1278 2781; x_wconf 88' lang='lat' dir='ltr'>cultus</span> <span class='ocrx_word' id='word_1_377' title='bbox 1303 2747 1361 2781; x_wconf 87' lang='lat' dir='ltr'>vel</span> <span class='ocrx_word' id='word_1_378' title='bbox 1396 2746 1587 2781; x_wconf 88' lang='lat' dir='ltr'>concedere</span> 
     </span>
     <span class='ocr_line' id='line_1_45' title="bbox 94 2801 1585 2851; baseline -0.005 -8"><span class='ocrx_word' id='word_1_379' title='bbox 94 2808 153 2843; x_wconf 89' lang='lat' dir='ltr'>vel</span> <span class='ocrx_word' id='word_1_380' title='bbox 186 2809 345 2845; x_wconf 86' lang='lat' dir='ltr'>abnuere</span> <span class='ocrx_word' id='word_1_381' title='bbox 378 2809 578 2843; x_wconf 89' lang='lat' dir='ltr'>teneantur</span> <span class='ocrx_word' id='word_1_382' title='bbox 615 2810 651 2843; x_wconf 89' lang='lat' dir='ltr'>et</span> <span class='ocrx_word' id='word_1_383' title='bbox 682 2808 879 2851; x_wconf 88' lang='lat' dir='ltr'>utrumque</span> <span class='ocrx_word' id='word_1_384' title='bbox 916 2805 1031 2851; x_wconf 78' lang='lat' dir='ltr'>gratis</span> <span class='ocrx_word' id='word_1_385' title='bbox 1069 2804 1226 2841; x_wconf 90' lang='lat' dir='ltr'>omnino.</span> <span class='ocrx_word' id='word_1_386' title='bbox 1283 2803 1336 2838; x_wconf 88' lang='lat' dir='ltr'>Ea</span> <span class='ocrx_word' id='word_1_387' title='bbox 1366 2801 1585 2848; x_wconf 88' lang='lat' dir='ltr'>procedendi</span> 
     </span>
    </p>
   </div>
  </div>
 </body>
</html>
