1812 3088
566 91 822 128 Aktenstiicke
847 90 965 126 V111*.
990 90 1072 126 1X*.
1478 96 1560 136 279

26 237 42 251 ,
81 210 126 246 de
150 210 220 245 fide
243 211 281 246 et
303 208 465 245 moribus
489 218 560 243 non
579 218 654 242 esse
679 208 726 242 ab
747 207 915 242 omnibus
933 205 1068 242 Christi
1085 206 1251 242 fidelibus
1268 207 1414 244 interno
1438 207 1569 244 mentis

80 279 228 304 assensu
252 266 490 312 suscipienda,
517 266 715 300 anathema
739 263 798 299 sit.

172 325 310 362 Romae
334 324 393 360 die
420 325 472 360 13.
499 323 666 359 ‹Ianuarii
694 324 795 358 1870.

804 380 825 415 J
827 380 980 424 osephns
1006 380 1290 428 Papp-Szilagyi

617 439 814 484 Episcopus
838 439 1258 484 Magno-Varadinensis
1283 440 1404 486 graeci
1429 440 1522 477 ritus

707 496 968 532 catholicorum
994 497 1031 532 in
1059 509 1171 543 regno
1196 498 1418 544 Hungariae.

754 618 901 660 VIII*.

561 699 855 735 Eminentissime
880 699 1071 744 Princeps!

166 757 398 803 Infrascripti
421 757 547 792 Patres
583 756 687 792 enixe
723 757 761 792 et
785 756 973 792 humiliter
999 759 1131 802 petunt
1167 759 1214 793 ab
1251 759 1462 794 Eminentia
1499 760 1567 796 Ve-

73 820 171 860 stra,
205 818 387 861 tanquam
423 815 594 850 Praeside
634 814 955 860 »Congregationis
980 815 1174 860 peculiaris
1210 828 1232 851 a
1269 817 1377 852 SSmo
1412 816 1567 852 Domino

73 875 206 912 Nostro
230 874 294 909 Pio
319 874 422 919 Papa
446 874 508 908 IX.
532 874 731 918 deputatae
756 885 823 918 pro
846 873 1063 918 recipiendis
1087 876 1124 909 et
1148 875 1390 919 expendendis
1414 874 1567 911 Patrum

74 932 414 980 propositionibus«,
440 932 492 975 ut,
518 934 683 976 tempore
708 933 924 976 opportuno,
950 930 1049 966 Emis
1069 934 1105 967 et
1131 932 1233 967 Rmis
1259 932 1430 967 Patribus
1448 932 1568 968 dictae

75 990 387 1037 Congregationis,
414 990 558 1025 schema
583 1000 765 1024 annexum
795 988 886 1024 »Pro
910 988 1178 1024 infallibilitate
1199 989 1357 1025 Romani
1381 989 1568 1026 Pontificis

75 1062 119 1086 ex
143 1049 335 1096 principiis
357 1051 437 1096 jam
470 1048 517 1083 ab
541 1047 699 1083 Ecclesia
734 1047 931 1083 universali
955 1047 1108 1092 receptis
1134 1047 1248 1093 logice
1281 1048 1450 1091 clareque
1484 1047 1570 1082 defi-

75 1109 243 1149 nienda«,
268 1107 437 1142 exhibere
463 1106 644 1151 dignetur.

165 1165 256 1201 Cum
278 1165 440 1201 rationes
465 1165 511 1200 ob
536 1175 627 1208 quas
651 1163 705 1199 ita
730 1162 939 1198 faciendum
967 1162 1255 1208 judicaverimus
1288 1163 1367 1208 ipso
1391 1163 1567 1199 schemati

76 1225 238 1260 adnexae
260 1223 516 1264 inveniantur,
554 1222 648 1257 nihil
680 1221 782 1257 aliud
807 1223 968 1265 superest
1004 1233 1116 1265 quam
1151 1223 1193 1257 ut
1227 1222 1567 1266 obsequentissimos

74 1281 190 1318 animi
202 1281 318 1317 nostri
333 1292 457 1316 sensus
475 1292 564 1326 erga
583 1280 641 1321 Te,
659 1278 955 1314 Eminentissime
967 1278 1148 1323 Princeps,
1165 1278 1301 1314 iterum
1317 1279 1566 1323 profiteamur.

164 1339 394 1375 Eminentiae
419 1339 517 1374 Tuae
541 1338 655 1373 Rmae
679 1349 722 1372 ac
747 1337 875 1373 Illmae

715 1395 826 1430 Humi
852 1395 995 1430 Famuli
1020 1397 1057 1430 et
1082 1395 1230 1431 Fratres
1253 1397 1292 1430 in
1317 1396 1471 1431 Christo.

212 1454 305 1490 Huic
331 1454 568 1500 postulationi
594 1453 886 1497 subscripserunt
910 1452 1071 1496 quinque
1097 1453 1247 1489 Concilii
1274 1454 1414 1490 Patres.

769 1574 864 1616 IX&

184 1658 358 1694 Rationes
384 1658 493 1703 hujus
518 1657 775 1701 propositionis
800 1668 843 1692 ex
869 1656 1014 1701 adjecto
1048 1657 1230 1691 schemate
1255 1658 1446 1701 patebunt.

167 1716 194 1750 Ι.
222 1714 363 1751 Canoni
388 1714 483 1750 XIV.
509 1714 669 1750 addatur
694 1715 762 1750 hoc
787 1715 941 1750 tertium
965 1715 1192 1749 membrum:

168 1775 255 1809 »aut
278 1773 397 1819 ipsum
418 1772 685 1819 jurisdictionis
711 1773 913 1817 primatum
940 1774 995 1808 vel
1020 1773 1214 1818 potestatis
1239 1774 1440 1819 spiritualis
1464 1774 1564 1820 prin-

70 1833 233 1879 cipatum
255 1832 295 1866 in
318 1833 438 1867 totam
454 1831 652 1866 Ecclesiam
676 1843 749 1866 non
777 1831 885 1866 fuisse
913 1831 979 1867 soli
996 1831 1104 1867 Petro
1129 1833 1279 1878 ejusque
1297 1832 1564 1869 Successoribus

70 1891 247 1927 divinitus
272 1890 465 1931 collatum3
498 1889 696 1924 anathema
721 1889 800 1923 sit«

163 1949 208 1983 ΙΙ.
233 1948 390 1984 Canonis
415 1947 512 1982 XVI.
537 1947 700 1982 membro
726 1947 840 1992 priori
867 1949 933 1982 hoc
957 1948 1116 1982 addatur
1140 1947 1318 1982 incisum:

169 2008 298 2051 »atque
324 2008 402 2042 tam
427 2007 465 2040 in
492 2017 614 2040 omnes
649 2005 755 2040 simul
782 2017 893 2049 quam
926 2006 1088 2051 singulos
1113 2018 1273 2042 seorsum
1298 2007 1476 2043 Ecclesiae
1500 2020 1565 2052 pa-

70 2069 215 2102 stores«

164 2124 228 2158 ΠΙ.
253 2123 339 2158 Post
364 2122 551 2157 Canonum
580 2121 674 2156 XVI.
700 2122 883 2157 inseratur
908 2122 1051 2157 Canon:

168 2180 227 2216 »Si
251 2180 331 2224 quis
355 2179 488 2214 dixerit
514 2179 657 2214 decreta
683 2179 766 2213 fidei
790 2180 827 2214 et
861 2191 1002 2214 morum
1027 2180 1126 2215 edita
1151 2193 1172 2215 a
1199 2181 1363 2217 Romano
1388 2182 1563 2219 Pontifice

72 2241 249 2283 tanquam
277 2250 298 2273 a
336 2249 505 2282 supremo
536 2237 649 2272 totius
674 2237 853 2272 Ecclesiae
878 2237 1027 2273 Pastore
1052 2240 1088 2274 et
1114 2239 1265 2275 Doctore
1299 2241 1384 2276 ante
1409 2241 1564 2277 aliorum

70 2297 145 2333 sive
170 2296 332 2342 plurium
359 2295 433 2330 sive
466 2295 680 2339 pauciorum
711 2295 961 2340 episcoporum
996 2308 1208 2332 consensum
1233 2311 1335 2344 posse
1370 2300 1563 2335 reformari

68 2356 141 2399 (vel
166 2353 415 2400 reformabilia
441 2354 546 2397 esse):
585 2355 649 2388 aut
674 2354 800 2389 eadem
832 2354 991 2388 examini
1031 2356 1081 2390 ve]
1105 2355 1244 2401 judicio
1279 2356 1429 2391 alterius
1455 2357 1564 2392 ullius

73 2412 306 2449 auctoritatis
343 2411 456 2447 etiam
481 2411 633 2447 Concilii
659 2412 886 2447 Oecumenici
909 2412 963 2447 ita
989 2413 1119 2458 subjici
1141 2426 1262 2458 posse,
1299 2417 1341 2449 ut
1366 2414 1474 2450 liceat
1497 2415 1563 2450 flla

69 2471 144 2506 sive
167 2471 316 2517 rejicere
351 2470 425 2505 sive
449 2470 624 2514 recipere:
665 2472 776 2513 atque
808 2469 928 2514 ipsum
953 2471 1159 2506 Romanum
1184 2472 1396 2507 Pontificem
1423 2472 1564 2518 judicio

69 2529 126 2564 vel
163 2528 414 2564 reformationi
448 2528 659 2574 hujusmodi
696 2528 916 2563 renitentem
949 2540 1051 2574 posse
1087 2541 1108 2564 a
1145 2530 1304 2566 Concilio
1329 2530 1564 2567 Oeculnenico

69 2599 133 2633 per
157 2588 280 2622 actum
306 2586 502 2632 superioris
523 2586 790 2632 jurisdictionis
827 2587 961 2632 corrigi
988 2588 1041 2623 vel
1068 2588 1218 2633 deponi;
1257 2589 1456 2625 anathema
1480 2589 1559 2624 sit.«

163 2645 228 2681 Die
255 2647 308 2681 15.
334 2645 526 2680 Februarii
563 2646 650 2680 1870

704 2705 724 2742 †
753 2703 927 2739 Henricus
953 2704 1144 2738 Eduardus
1169 2704 1469 2749 Archiepiscopus

893 2761 1305 2797 Westmonasteriensis.
