1812 3088
192 112 276 152 308
826 106 1050 152 Nachtrage.

187 239 206 263 e
231 225 369 272 primis,
393 222 610 269 praecipuis,
637 221 966 266 intentissimisque
991 221 1217 257 sacrosancti
1249 221 1356 257 istius
1383 221 1536 258 Ooncilii
1561 222 1694 259 studiis

189 296 265 320 esse
291 284 439 318 debere:

285 344 321 377 1⁰
346 342 397 376 Ut
420 340 678 384 inquirantur,
714 339 955 375 inveniantur
981 341 1018 375 et
1044 339 1278 385 applicentur
1304 339 1498 385 aptissima
1530 351 1696 384 quaeque

187 401 319 443 media,
347 399 490 444 quibus,
518 398 585 432 Dei
603 398 762 443 juvante
787 398 922 443 gratia,
948 400 1058 433 tanta
1082 398 1284 434 multitudo
1311 398 1524 442 hominum,
1558 398 1696 444 pretio-

187 459 328 494 sissimo
353 456 489 493 Christi
513 456 693 500 sanguine
718 456 1000 501 redemptorum,
1028 457 1076 491 ab
1093 455 1325 491 infidelitatis
1342 458 1379 492 et
1396 456 1530 493 erroris
1556 457 1697 492 umbris

188 517 236 552 ad
262 527 397 568 purum
421 514 591 550 veritatis
616 515 740 550 lumen
766 515 900 550 adduci
924 515 1087 560 possint;

282 575 318 609 2⁰
345 569 396 609 Ut
420 573 621 619 prudenter
646 572 830 608 devitetur
866 572 1046 616 quidquid
1061 600 1068 614 ,
1104 573 1241 617 absque
1272 585 1436 609 summae
1471 573 1699 610 necessitatis

187 633 392 674 evidentia,
418 643 515 667 nova
540 631 730 667 obstacula
765 632 845 666 tam
880 632 1008 667 sancto
1041 631 1126 666 huic
1158 632 1260 677 operi
1294 632 1539 668 conversionis
1571 634 1608 668 et
1641 643 1700 668 re-

190 691 374 729 ductionis
398 690 603 725 infidelium
628 691 666 725 et
692 690 982 725 acatholicorum
1006 690 1275 735 interponeret;

279 751 316 786 3⁰
345 750 404 793 Ut,
432 749 544 784 salvis
568 750 606 784 et
630 748 669 782 in
694 748 840 793 integro
865 748 1101 783 manentibus
1139 749 1251 784 sacris
1275 749 1528 794 dogmatibus,
1555 761 1697 785 morum

189 808 392 856 principiis,
419 808 455 843 et
480 805 666 842 essentiali
690 806 772 840 tum
797 805 999 840 christiana
1025 807 1106 840 tum
1132 806 1291 841 clericali
1310 807 1514 852 disciplina,
1541 807 1700 853 benigne

188 868 225 902 et
250 866 487 912 indulgenter
512 866 734 901 concedatur
758 864 938 909 quidquid
964 865 1011 900 ad
1036 865 1348 901 christianitatem
1375 866 1618 909 venientibus,
1644 865 1701 900 vel

191 926 239 961 ad
263 925 447 960 unitatem
470 923 727 965 redeuntibus,
760 923 945 968 evangelii
970 925 1008 958 et
1033 924 1191 959 Sanctae
1215 924 1397 959 Ecclesiae
1422 924 1559 960 ostium
1584 923 1699 959 latius

191 985 408 1029 faciliusque
433 983 576 1029 aperire
599 995 704 1029 posse
730 983 984 1029 perspicietur.

673 1078 726 1113 De
750 1076 986 1112 conversione
1010 1076 1226 1112 infidelium.

287 1151 499 1193 Nunquam,
526 1159 569 1182 ex
587 1158 659 1191 quo
677 1146 834 1182 fundata
852 1148 905 1182 est
923 1146 1094 1189 Ecclesia,
1121 1146 1183 1182 via
1200 1147 1312 1182 latior
1329 1149 1366 1182 et
1384 1147 1527 1183 facilior
1552 1147 1703 1183 ostium-

192 1220 262 1254 que
287 1208 452 1254 apertius
478 1206 707 1242 conversioni
732 1205 936 1240 infidelium
961 1207 1090 1250 patere
1121 1205 1197 1240 visa
1231 1208 1334 1249 sunt,
1372 1218 1484 1250 quam
1509 1207 1620 1241 hacce
1644 1217 1704 1241 ae—

192 1270 272 1304 tate
297 1268 436 1309 nostra,
473 1266 563 1299 dum
598 1277 673 1300 una
699 1265 806 1299 simul
845 1265 892 1299 ad
918 1266 987 1300 hoc
1013 1267 1246 1308 concurrunt,
1285 1277 1358 1301 non
1393 1265 1470 1301 sine
1505 1277 1642 1312 magno
1667 1266 1705 1300 et

192 1326 352 1362 evidenti
378 1324 528 1361 divinae
554 1324 814 1360 Providentiae
841 1324 1002 1366 consilio,
1028 1325 1065 1359 et
1083 1325 1265 1369 stupenda
1289 1323 1492 1359 itinerandi
1510 1323 1704 1368 rapiditas,

195 1388 233 1421 et
271 1384 448 1421 continua
484 1383 707 1428 populorum
744 1383 802 1418 vel
841 1381 1194 1417 distantissimorum
1233 1381 1470 1425 commercia,
1508 1393 1573 1427 per
1611 1393 1706 1426 quae

194 1443 389 1478 christiani
426 1442 636 1477 infidelibus
661 1440 921 1483 admiscentur,
963 1442 1000 1476 et
1039 1440 1173 1485 ubique
1200 1453 1284 1477 mox
1321 1441 1531 1476 stabilitum
1567 1452 1706 1476 novum

196 1502 365 1549 gentium
385 1502 457 1548 jus,
485 1500 652 1536 libertati
676 1500 964 1545 praedicationis
989 1499 1150 1535 maxime
1174 1500 1314 1535 favens.

289 1562 385 1596 Luce
409 1559 528 1606 igitur
553 1558 638 1594 solis
664 1558 799 1594 clarius
824 1560 879 1594 est
904 1559 1088 1594 Ecclesiae
1113 1570 1211 1594 nunc
1235 1569 1386 1603 operam
1411 1561 1486 1595 esse
1510 1559 1569 1602 ut,
1603 1569 1698 1594 novo

196 1623 234 1656 et
259 1619 518 1656 ardentissimo
545 1619 639 1660 zelo,
676 1617 761 1652 huic
785 1619 892 1653 tanto
918 1618 1181 1663 propagandae
1206 1617 1290 1653 fidei
1315 1617 1435 1653 labori
1459 1619 1496 1653 et
1521 1617 1707 1662 operarios

197 1679 368 1721 advocet,
406 1679 444 1712 et
476 1677 655 1722 operandi
695 1676 817 1712 media
842 1677 1012 1722 legesque
1037 1676 1209 1721 disponat
1235 1688 1278 1712 ac
1303 1678 1458 1712 statuat.
1504 1677 1562 1712 Ad
1599 1687 1708 1720 quem

197 1740 308 1774 finem
333 1736 600 1781 assequendum
625 1737 716 1772 haec
741 1736 942 1771 conducere
966 1747 1069 1780 posse
1096 1735 1328 1771 viderentur:

295 1800 330 1833 1⁰
356 1797 531 1833 Creentur
556 1796 595 1830 in
621 1794 775 1830 diversis
801 1794 982 1830 Ecclesiae
1006 1794 1176 1839 partibus
1194 1794 1402 1830 Seminaria
1427 1793 1611 1838 quaedam
1628 1804 1708 1838 spe-

197 1857 320 1899 cialia,
347 1856 395 1891 ad
419 1855 539 1891 instar
564 1853 723 1889 Romani
750 1853 938 1889 seminarii
965 1853 1234 1899 Propagandae
1266 1853 1370 1897 fidei,
1410 1853 1467 1889 vel
1492 1852 1709 1888 Parisiensis

200 1916 417 1952 Missionum
443 1918 671 1955 exterarum,
699 1912 763 1947 ubi
788 1912 909 1947 clerici
934 1912 1138 1948 saeculares
1164 1911 1393 1948 diversarum
1427 1911 1611 1957 gentium,
1645 1909 1709 1954 qui

199 1973 500 2020 evangelizandis
524 1971 734 2007 infidelibus
752 1971 1040 2014 destinarentur,
1067 1971 1259 2016 specialem
1285 1972 1333 2006 ad
1349 1972 1418 2006 hoc
1435 1969 1709 2006 institutionem

202 2034 419 2079 reciperent,
445 2031 565 2068 edocti
592 2043 614 2066 a
638 2030 728 2065 viris
754 2030 818 2074 qui
842 2032 879 2066 et
904 2030 974 2076 ipsi
999 2030 1037 2065 in
1063 2029 1295 2065 missionibus
1321 2029 1385 2063 diu
1410 2028 1653 2064 laborassent.

295 2094 332 2127 2Ο
357 2092 509 2126 Praeter
532 2089 781 2126 missionarios
806 2090 1054 2126 instituantur
1081 2090 1120 2124 in
1153 2089 1322 2135 partibus
1347 2088 1569 2131 infidelium,
1595 2098 1712 2132 quan-

198 2154 279 2187 tum
305 2152 342 2187 et
366 2149 497 2195 quovis
521 2149 559 2184 id
584 2149 661 2184 fieri
686 2149 837 2194 poterit,
864 2149 1018 2191 scholae,
1047 2147 1255 2190 seminaria,
1281 2149 1319 2183 et
1343 2145 1586 2188 monasteria,
1614 2156 1711 2190 quae

201 2211 322 2246 essent
346 2209 451 2254 quasi
476 2208 621 2244 fomites
646 2208 798 2252 quidam
822 2208 919 2253 ignis
945 2208 1049 2250 sacri,
1077 2210 1114 2242 et
1141 2208 1241 2242 velut
1258 2207 1386 2241 centra
1404 2217 1448 2240 ex
1474 2203 1607 2249 quibus
1624 2203 1709 2238 fidei

201 2270 265 2305 lux
290 2270 327 2304 et
352 2267 548 2303 charitatis
574 2267 682 2308 calor,
709 2267 803 2301 inibi
830 2268 1011 2309 ardentes,
1039 2266 1325 2310 circumquaque
1350 2263 1589 2300 irradiarent.

297 2330 335 2363 3⁰
360 2327 465 2362 Nihil
490 2325 685 2362 omittatur
711 2326 762 2367 ut,
790 2325 1008 2369 quantocius
1034 2325 1073 2360 id
1098 2324 1269 2369 possibile
1293 2323 1415 2364 fuerit,
1443 2322 1653 2358 efformetur
1672 2320 1712 2355 in

202 2388 259 2423 his
284 2386 494 2432 regionibus
519 2385 643 2420 Clerus
667 2383 856 2428 indigena,
883 2385 919 2419 et
944 2396 1015 2428 quo
1042 2383 1185 2418 facilius
1207 2383 1331 2418 Clerus
1356 2381 1418 2417 ille
1443 2379 1712 2425 perfectiusque

200 2445 349 2481 institui
372 2444 498 2490 possit,
525 2443 726 2478 mittantur
754 2442 793 2477 in
818 2444 1055 2487 Europeanas
1080 2444 1206 2488 partes
1231 2442 1489 2481 adolescenteS,
1516 2439 1564 2474 ad
1588 2438 1712 2473 studia

203 2505 374 2550 aptiores,
401 2503 465 2548 qui
489 2503 527 2537 in
554 2502 768 2538 Seminariis
793 2502 927 2537 nostris
951 2503 1172 2538 edoceantur
1195 2503 1232 2536 et
1257 2499 1470 2536 educentur.

298 2562 425 2597 Liceat
450 2572 654 2606 proponere
690 2560 793 2595 aliud
831 2561 968 2602 votum,
1008 2559 1106 2604 quod
1143 2557 1418 2603 sapientissimo
1453 2557 1486 2591 S.
1522 2555 1711 2592 Pontificis

199 2621 352 2668 judicio,
379 2633 463 2655 cum
488 2620 588 2654 omni
613 2619 832 2662 reverentia,
858 2617 1122 2653 submittimus.

298 2680 336 2713 4²¹
362 2679 498 2714 Statim
523 2690 565 2713 ac
590 2678 680 2713 satis
706 2690 921 2714 numerosae
946 2678 983 2712 et
1007 2676 1158 2712 stabiles
1193 2674 1486 2710 christianitates
1511 2673 1714 2709 coadunari

205 2738 405 2784 potuerint,
431 2737 625 2782 erigantur
650 2736 702 2771 ibi
727 2736 916 2779 dioeceses,
943 2737 1054 2780 atque
1079 2734 1327 2769 instituantur
1352 2732 1531 2778 Episcopi,
1557 2731 1621 2776 qui
1638 2743 1712 2766 non

203 2797 284 2831 tam
308 2808 330 2831 a
348 2796 595 2841 Propaganda
612 2796 810 2840 pendeant,
836 2806 949 2838 quam
971 2794 1038 2828 sub
1059 2793 1145 2838 jure
1163 2791 1348 2827 communi
1373 2791 1459 2826 sint.
1508 2791 1586 2833 Quo
1603 2789 1712 2832 enim,

204 2855 360 2891 servatis
386 2855 540 2900 legibus,
565 2854 708 2900 plenior
734 2855 788 2889 est
813 2853 949 2899 agendi
975 2852 1138 2894 libertas,
1166 2863 1206 2886 eo
1232 2849 1434 2894 expeditior
1451 2849 1488 2884 et
1513 2848 1632 2884 acrior
1657 2849 1712 2883 est
