1812 3088
221 107 302 147 392
330 103 502 150 Anhang.
536 104 601 139 III.
628 104 696 139 Die
721 103 992 140 Bischofswahl
1017 105 1079 141 des
1108 105 1275 142 Bischofs
1301 107 1364 142 Dr.
1390 107 1590 146 Reinkens.

220 220 285 255 ille
300 220 487 255 Hubertus
513 220 627 255 audet
653 231 689 255 se
716 220 838 256 dicere
865 222 1091 267 episcopum,
1118 224 1166 265 et,
1194 224 1294 268 quod
1318 224 1429 259 fidem
1454 225 1613 270 excedit,
1638 229 1722 263 tan-

218 290 330 323 quam
363 277 556 324 episcopus
581 278 798 327 catholicus,
826 279 928 316 edito
955 280 1121 323 decreto,
1148 282 1365 328 agnoscitur
1398 284 1438 319 et
1462 285 1675 321 nominatur
1700 298 1723 322 a

219 335 456 371 serenissimo
477 336 699 372 Germaniae
725 338 968 383 Imperatore,
997 349 1039 374 ac
1060 339 1153 384 justi
1167 340 1330 386 episcopi
1356 342 1436 377 loco
1463 342 1658 378 habendus
1684 346 1722 380 et

218 395 470 430 observandus
497 395 657 431 subditis
682 397 865 432 universis
890 398 1125 443 proponitur.
1174 399 1292 444 Atqui
1317 400 1377 436 vel
1402 400 1487 446 ipsa
1512 401 1722 438 catholicae

218 453 410 489 doctrinae
435 454 650 490 rudimenta
688 456 904 498 declarant,
941 457 1087 491 nullum
1123 468 1228 502 posse
1264 458 1475 503 legitimum
1499 459 1723 506 Episcopum

217 510 347 546 haberi
373 512 437 556 qui
464 512 550 547 fidei
577 514 616 548 et
642 513 813 548 caritatis
841 515 1100 551 communione
1125 527 1201 551 non
1225 515 1409 562 jungatur
1433 517 1589 560 Petrae,
1615 530 1724 564 super

218 582 328 615 quam
356 583 431 606 una
456 571 654 608 aedificata
678 573 732 607 est
753 572 920 609 Ecclesia
941 573 1100 615 Christi;
1128 574 1192 618 qui
1218 586 1390 620 supremo
1415 586 1491 610 non
1515 576 1725 613 adhaereat

217 629 375 672 Pastori,
402 630 460 665 cui
486 642 613 666 omnes
640 631 777 667 Christi
804 643 889 668 oves
918 633 1128 678 pascendae
1155 633 1372 669 commissae
1410 634 1498 668 sunt
1513 647 1521 675 ;
1560 634 1624 678 qui
1648 646 1725 670 non

221 688 454 724 devinciatur
480 689 733 725 confirmatori
759 690 1034 733 fraternitatis,
1073 703 1169 737 quae
1203 692 1242 726 in
1268 693 1409 727 mundo
1447 693 1514 727 est.
1564 692 1611 727 Et
1636 704 1724 728 sane

221 746 291 781 »ad
309 747 460 783 Petrum
486 748 633 783 locutus
659 750 715 783 est
728 749 927 792 Dominus;
953 750 1002 785 ad
1022 762 1137 785 unum
1162 750 1257 793 ideo,
1285 752 1327 785 ut
1345 750 1529 786 unitatem
1547 751 1723 787 fundaret

220 817 269 840 ex
292 817 407 848 un03«
434 806 634 852 (Pacianus
662 808 709 843 ad
729 808 924 854 Sympron.
957 821 1012 855 ep.
1039 811 1071 845 3.
1098 822 1133 844 n.
1162 811 1215 845 11.
1240 810 1412 856 Cyprian.
1440 811 1485 846 de
1510 811 1603 846 unit.
1628 810 1727 847 Eccl.

222 864 350 909 Optat.
378 866 508 900 contra
534 866 703 902 Parmen.
731 866 796 902 lib.
823 869 854 903 7.
881 879 915 902 n.
943 868 975 903 3.
1002 868 1151 904 Siricius
1177 880 1234 914 ep.
1262 869 1293 903 5.
1332 869 1379 903 ad
1405 868 1619 914 Episcopos.
1645 870 1725 904 Afr.

220 921 345 958 Innoc.
372 922 398 957 Ι.
426 934 510 968 epp.
537 924 585 958 ad
603 924 756 960 Victric.
784 925 832 960 ad
858 936 958 961 conc.
979 926 1157 972 Carthag.
1185 925 1367 970 etMiliv.)
1387 926 1496 962 Petro
1524 938 1725 972 »magnum

222 981 282 1015 »et
307 981 481 1017 mirabile
509 982 738 1018 consortium
763 984 956 1029 potentiae
996 995 1083 1019 suae
1110 984 1246 1018 tribuit
1272 983 1401 1019 divina
1427 983 1610 1030 dignatio,
1635 985 1673 1020 et
1697 985 1728 1020 si

222 1040 334 1085 »quid
360 1051 443 1075 cum
469 1052 512 1076 eo
539 1053 733 1077 commune
765 1042 897 1078 ceteris¹
916 1042 1038 1078 voluit
1066 1054 1142 1078 esse
1156 1042 1399 1088 principibus,
1426 1053 1629 1087 nunquam,
1655 1043 1728 1078 nisi

223 1110 310 1143 »per
327 1098 459 1144 ipsum,
485 1100 589 1135 dedit
607 1101 706 1146 quod
726 1101 810 1136 aliis
825 1101 1015 1146 negavit«
1065 1102 1153 1145 (Leo
1167 1101 1214 1136 M.
1231 1112 1337 1136 serm.
1352 1101 1384 1136 3.
1404 1100 1443 1135 in
1459 1112 1525 1136 sua
1549 1103 1727 1146 assumpt.

221 1157 348 1202 Optat.
374 1157 439 1193 lib.
466 1159 496 1193 2.
524 1172 559 1194 n.
586 1160 634 1205 2.)
682 1160 778 1195 Hinc
804 1162 868 1202 est,
896 1161 994 1205 quod
1020 1160 1067 1195 ab
1094 1160 1164 1196 hac
1189 1159 1407 1205 Apostolica
1433 1159 1544 1200 Sede,
1573 1158 1639 1194 ubi
1665 1159 1728 1195 be-

222 1219 306 1252 atus
321 1217 449 1253 Petrus
477 1218 595 1253 »vivit
614 1222 651 1253 et
666 1219 856 1263 praesidet
870 1220 908 1254 et
922 1220 1090 1264 praestat
1107 1217 1370 1263 quaerentibus
1388 1216 1475 1252 fidei
1493 1217 1726 1260 veritatem«

223 1275 333 1320 (Petr.
363 1276 488 1320 Chrys.
526 1288 582 1321 ep.
618 1276 677 1310 ad.
704 1276 880 1322 Eutych.)
916 1277 975 1310 »in
1018 1287 1144 1311 omnes
1186 1275 1422 1311 venerandae
1461 1275 1730 1311 communionis

224 1334 328 1380 »jura
353 1333 591 1375 dimanant;«
631 1335 756 1380 (Conc.
786 1335 909 1380 Aquil.
948 1335 1054 1370 inter.
1094 1346 1178 1379 epp.
1204 1334 1372 1369 Ambros.
1401 1345 1457 1379 ep.
1483 1334 1530 1368 Π.
1568 1346 1670 1370 num.
1696 1335 1729 1369 4.

225 1392 374 1427 Hieron.
402 1404 486 1438 epp.
516 1394 570 1428 14.
596 1394 634 1428 et
661 1394 714 1429 15.
742 1394 790 1428 ad
816 1393 980 1438 Damas.)
1008 1394 1045 1428 et
1070 1393 1167 1428 hanc
1194 1392 1363 1428 eamdem
1389 1392 1515 1427 sedem
1542 1392 1730 1428 »ecclesiis

225 1451 326 1486 »toto
355 1451 444 1486 orbe
473 1450 616 1485 diffusis
643 1451 746 1487 velut
771 1453 885 1497 caput
911 1463 1056 1486 suorum
1085 1452 1227 1487 certum
1245 1452 1301 1485 est
1326 1462 1403 1486 esse
1421 1450 1680 1493 membrorum,
1708 1462 1729 1485 a

226 1521 320 1554 »qua
347 1521 384 1544 se
410 1510 575 1554 quisquis
601 1510 777 1552 abscidit,
803 1510 846 1545 fit
872 1510 1097 1545 christianae
1132 1509 1326 1554 religionis
1369 1508 1544 1551 extorris,
1582 1519 1665 1543 cum
1690 1509 1730 1544 in

225 1568 376 1603 »eadem
415 1579 488 1603 non
528 1569 692 1614 coeperit
730 1580 805 1605 esse
846 1580 1061 1615 compage«
1112 1568 1247 1614 (Bonis.
1288 1569 1317 1604 1.
1357 1579 1412 1613 ep.
1443 1568 1497 1602 14.
1535 1567 1583 1603 ad
1607 1567 1728 1613 Episc.

223 1627 403 1672 Thessal.)

320 1686 416 1721 Hinc
442 1688 591 1722 sanctus
617 1688 761 1734 martyr
788 1687 995 1733 Cyprianus
1037 1686 1081 1721 de
1108 1685 1344 1721 schismatico
1371 1685 1552 1721 disserens
1576 1686 1732 1731 pseudo-

226 1747 398 1791 episcopo
413 1745 627 1782 Novatiano
654 1747 773 1793 ipsam
801 1747 835 1783 ei
861 1746 1020 1793 negavit
1045 1746 1240 1782 christiani
1269 1745 1572 1791 appellationem,
1601 1746 1732 1791 utpote

225 1805 389 1850 sejuncto
434 1807 471 1840 et
498 1805 657 1842 abscisso
693 1807 739 1842 ab
777 1806 942 1841 Ecclesia
968 1805 1116 1841 Christi.
1170 1804 1362 1850 „Quisquis
1399 1803 1462 1839 ille
1488 1803 1561 1845 est,
1597 1804 1732 1849 inquit,

227 1865 288 1899 »et
313 1863 595 1909 qualiscumque
622 1866 686 1906 est,
715 1864 939 1900 christianus
965 1875 1040 1898 non
1067 1864 1123 1898 est
1150 1863 1214 1908 qui
1240 1863 1277 1898 in
1299 1862 1437 1897 Christi
1464 1861 1631 1897 Ecclesia
1656 1874 1730 1897 non

228 1923 315 1957 »est
364 1923 488 1957 Jactet
514 1934 550 1957 se
577 1922 676 1965 licet,
705 1924 743 1958 et
769 1922 1047 1968 philosophiam
1076 1922 1136 1957 vel
1163 1921 1418 1966 eloquentiam
1446 1932 1549 1956 suam
1563 1920 1732 1966 superbis

229 1980 401 2016 »vocibus
426 1981 640 2026 praedicet;
669 1980 732 2025 qui
759 1991 825 2015 nec
852 1979 1057 2014 fraternam
1084 1979 1305 2020 caritatem,
1343 1990 1411 2014 nec
1437 1977 1731 2014 ecclesiasticam

231 2041 436 2076 »unitatem
464 2040 634 2082 retinuit,
661 2040 774 2075 etiam
803 2039 900 2084 quod
927 2038 1030 2084 prius
1056 2037 1128 2072 fuit
1153 2037 1288 2073 amisit.
1342 2036 1431 2072 Cum
1461 2036 1510 2070 sit
1535 2048 1557 2071 a
1586 2036 1731 2071 Christo

228 2111 323 2135 »una
342 2099 510 2134 Ecclesia
535 2110 601 2144 per
626 2099 749 2134 totum
774 2099 953 2133 muudum
979 2098 1017 2132 in
1043 2097 1164 2131 multa
1189 2097 1358 2132 membra
1377 2095 1506 2138 divisa,
1532 2095 1622 2131 item
1636 2095 1731 2141 epis-

229 2159 404 2203 »copatus
431 2170 525 2193 unus
552 2159 810 2204 episcoporum
835 2157 1036 2191 multorum
1064 2155 1239 2191 concordi
1280 2153 1546 2190 numerositate
1571 2154 1729 2197 defusus,

228 2216 314 2251 »ille
340 2217 425 2261 post
451 2215 518 2251 Dei
544 2216 797 2257 traditionem,
824 2217 910 2261 post
937 2226 1143 2250 connexam
1172 2215 1210 2249 et
1236 2213 1372 2258 ubique
1400 2212 1637 2258 conjunctam
1673 2224 1732 2248 ca-

229 2273 412 2310 »tholicae
426 2273 611 2309 Ecclesiae
637 2274 843 2315 unitatem,
872 2273 1075 2308 humanam
1101 2273 1256 2308 conatur
1270 2271 1462 2307 ecclesiam
1480 2271 1613 2307 facere.
1663 2271 1732 2314 Qui

230 2344 339 2377 »ergo
365 2343 432 2367 nec
458 2331 642 2367 unitatem
670 2332 833 2377 spiritus,
861 2344 929 2367 nec
957 2331 1259 2377 conjunctionem
1284 2330 1388 2376 pacis
1416 2330 1601 2371 observat,
1630 2330 1668 2365 et
1693 2343 1731 2366 se

231 2391 300 2426 »ab
327 2390 516 2426 Ecclesiae
542 2391 690 2426 vinculo
717 2392 754 2426 et
781 2403 802 2426 a
827 2390 1066 2426 sacerdotum
1093 2389 1254 2434 collegio
1281 2389 1451 2434 separat,
1478 2387 1641 2433 episcopi
1665 2400 1732 2424 nec

229 2450 476 2493 »potestatem
494 2450 620 2494 potest
637 2450 786 2491 habere,
813 2461 879 2484 nec
906 2449 1094 2490 honorem,
1122 2447 1185 2492 qui
1212 2448 1447 2493 episcopatus
1465 2458 1532 2482 nec
1545 2447 1731 2483 unitatem

229 2507 369 2542 »voluit
395 2509 543 2550 tenere,
583 2519 651 2543 nec
677 2519 842 2553 pacemss
894 2506 1086 2553 (Cyprian.
1114 2507 1244 2541 contra
1270 2504 1472 2541 Novatian.
1511 2516 1568 2550 ep.
1596 2506 1650 2540 52.
1684 2506 1732 2541 ad

230 2565 447 2610 Antonian.)

324 2624 400 2660 Nos
425 2624 542 2670 igitur
568 2625 632 2670 qui
658 2624 697 2659 in
723 2636 898 2670 suprema
923 2625 994 2660 hac
1013 2624 1114 2659 Petri
1133 2624 1309 2660 cathedra
1337 2623 1386 2658 ad
1413 2621 1621 2658 custodiam
1646 2621 1733 2657 fidei

229 2682 436 2718 catholicae
463 2684 500 2717 et
516 2683 562 2718 ad
582 2684 802 2719 servandam
821 2695 862 2718 ac
888 2683 1066 2719 tuendam
1085 2682 1305 2717 universalis
1320 2681 1509 2716 Ecclesiae
1534 2680 1732 2722 unitatem,

227 2741 316 2776 licet
342 2741 591 2782 immerentes,
619 2742 813 2777 constituti
833 2754 967 2784 sumus,
983 2743 1221 2777 Decessorum
1237 2740 1454 2775 Nostrorum
1472 2750 1731 2783 sacrarumque

229 2799 352 2845 legum
380 2811 518 2835 morem
545 2802 658 2845 atque
686 2801 895 2846 exemplum
923 2801 1088 2845 sequuti,
1124 2799 1265 2834 tradita
1292 2797 1407 2833 Nobis
1433 2810 1455 2833 a
1491 2797 1593 2832 caelo
1627 2798 1732 2842 pote-

233 2857 354 2899 state,
397 2869 471 2892 non
513 2858 632 2893 solum
671 2858 892 2895 electionem
932 2857 1128 2893 memorati
1165 2855 1318 2902 Josephi
1343 2855 1504 2891 Huberti
1530 2854 1729 2899 Reinkens‚
