1812 3088
646 85 900 122 Aktenstficke
924 85 1042 120 X111*.
1500 91 1548 130 31
1560 94 1577 132 1

181 202 365 239 Maximae
389 201 503 237 etiam
528 200 705 237 utilitatis
731 203 833 243 esset,
860 201 889 236 si
914 201 1124 245 Concilium,
1150 214 1217 248 pro
1243 216 1384 240 summa
1407 204 1482 248 illa,
1509 217 1582 249 qna

91 261 251 298 donatur
275 273 298 297 a
323 260 463 306 Spiritu
487 260 655 295 veritatis
681 262 717 295 et
742 259 926 302 caritatis,
963 261 1169 305 prudentia,
1195 262 1394 299 delinearet
1419 263 1581 308 aliquam

89 319 325 356 directionem
356 319 404 354 ad
427 330 534 353 usum
560 317 833 359 catholicorum,
859 319 940 352 tum
964 330 983 354 e
1008 319 1122 361 clero,
1147 320 1228 354 tum
1251 331 1270 355 e
1295 320 1415 363 laicis,
1443 321 1515 365 qui,
1542 321 1582 357 in

87 377 373 423 protestantium
398 375 617 421 regionibus,
644 375 872 410 conversioni
909 376 1069 410 fratrum
1093 382 1305 413 nostrorum
1330 381 1582 424 separatorum

89 436 309 477 allaborant,
337 434 393 470 vel
418 433 622 469 allaborare
639 433 825 477 poterunt.
872 432 984 478 Cujus
1001 434 1163 477 profecto
1180 435 1390 472 directionis
1414 437 1473 472 hic
1489 438 1581 473 esset

87 494 207 536 cardo,
233 493 275 528 ut
297 504 387 539 erga
411 491 646 532 acatholicos,
682 490 744 535 qui
769 491 813 526 de
839 491 961 526 reditu
985 491 1032 527 ad
1056 492 1235 529 Ecclesiae
1272 494 1452 539 gremium
1484 495 1582 541 cogi-

85 553 186 595 tant,
223 562 306 586 cum
336 549 497 586 maxima
521 549 717 592 charitate,
752 549 1001 595 indulgentia,
1034 550 1107 586 imo
1140 552 1177 586 et
1209 553 1415 589 reverentia
1440 565 1582 599 semper

86 610 267 656 ageretur,
291 620 357 644 nec
381 609 428 643 ab
451 607 502 643 eis
519 619 681 651 unquam
706 606 846 651 aliquid
871 607 1016 653 exigere
1039 609 1135 643 ullus
1159 612 1408 654 praesumeret
1433 613 1579 656 praeter

86 680 130 705 ea
154 679 247 713 quae
270 667 474 703 necessaria
498 667 593 708 sunt,
619 667 661 700 ut
689 677 773 701 vere
797 665 836 700 in
861 666 931 700 fide
956 667 992 701 et
1028 666 1171 702 unitate
1196 667 1377 704 catholica
1402 668 1482 712 quis
1507 669 1581 705 exi-

87 726 181 761 stat:
217 725 268 760 sic
290 724 388 760 enim
413 725 538 760 forsan
562 724 724 760 eveniret
748 725 790 759 ut
814 724 977 759 redirent
1002 724 1129 767 multi,
1164 726 1201 760 et
1226 726 1373 761 reduces
1397 726 1466 771 ipsi
1491 727 1581 764 alios

88 783 317 826 reducerent,
341 782 581 827 subindeque,
607 785 689 828 post
715 783 891 824 reditum,
918 783 1101 828 paulatim
1126 784 1173 818 ad
1197 783 1431 828 perfectiora,
1458 785 1581 830 gratia

85 841 309 883 sublevante,
335 841 578 886 assurgerent.

178 901 230 936 Eo
255 911 339 935 vero
355 899 473 945 magis
491 901 739 944 opportunum
757 900 1070 944 necessariumque
1093 899 1276 944 praesenti
1294 902 1457 946 tempore
1474 901 1579 943 foret,

86 960 130 994 ut
154 957 355 994 Concilium
380 957 577 993 catholicos
603 959 834 994 vehementer
861 959 907 994 ad
932 959 1101 993 sanctum
1127 959 1194 994 hoc
1219 970 1309 1003 opus
1334 958 1580 994 conversionis

85 1017 340 1062 separatorum
364 1016 524 1051 fratrum
551 1016 822 1059 adhortaretur,
847 1018 957 1061 atque
982 1016 1021 1051 in
1045 1017 1113 1052 hoc
1138 1029 1244 1062 opere
1270 1016 1380 1062 pretii
1405 1018 1580 1053 ducatum

84 1075 134 1110 eis
158 1077 196 1110 et
220 1074 343 1110 lumen
366 1075 568 1119 praeberet,
595 1076 692 1119 quod
716 1087 823 1117 nunc,
849 1075 888 1109 in
905 1075 1197 1111 rationalismum
1222 1077 1259 1110 et
1282 1075 1579 1111 incredulitatem

85 1133 231 1168 labente
251 1132 332 1178 jam
356 1132 492 1176 ubique
516 1133 834 1178 protestantismo‚
873 1133 1092 1178 quicumque
1131 1145 1173 1169 ex
1199 1133 1272 1168 illis
1298 1134 1458 1177 aliquem
1496 1133 1580 1168 fidei

84 1182 306 1236 pietatisque
330 1191 554 1226 christianae
569 1204 714 1227 sensum
729 1191 973 1234 retinuerunt,
999 1191 1214 1237 religionem
1231 1191 1282 1226 sic
1305 1193 1579 1227 evanescentem

83 1248 202 1295 magis
230 1260 274 1284 ac
295 1248 415 1294 magis
440 1250 644 1294 suspectam
669 1248 805 1284 habere
829 1248 1021 1293 incipiunt,
1048 1249 1121 1284 imo
1146 1249 1331 1284 evidenter
1355 1249 1489 1284 falsam
1505 1261 1581 1285 esse

83 1319 127 1344 ex
150 1307 284 1343 eventu
309 1309 522 1352 agnoscunt,
549 1309 585 1342 et
610 1307 660 1342 sic
682 1307 803 1343 oculos
828 1307 876 1342 ad
900 1307 1098 1343 Ecclesiam
1123 1307 1343 1342 catholicam
1367 1308 1577 1343 convertere

85 1369 279 1413 coguntur.

84 1461 137 1496 De
161 1459 391 1496 cautionibus
415 1459 454 1495 in
479 1459 689 1496 redactione
713 1460 949 1496 Decretorum
971 1471 1110 1496 errores
1135 1458 1459 1495 condemnantium
1484 1470 1582 1494 nunc

714 1517 943 1553 adhibendis.

178 1590 330 1632 Quando
354 1601 451 1624 nunc
475 1600 572 1625 nova
597 1589 783 1634 profertur
809 1600 973 1623 errorum
1010 1587 1218 1632 aliquorum
1253 1586 1463 1632 dogmatica
1495 1598 1578 1621 con-

83 1647 283 1691 demnatio,
312 1648 400 1683 haec
416 1648 552 1689 statim,
579 1646 670 1682 velit
686 1647 780 1682 nolit
796 1646 967 1688 Ecclesia,
994 1646 1032 1680 in
1047 1645 1215 1681 omnibus
1235 1657 1300 1690 per
1317 1647 1437 1680 totum
1454 1644 1578 1680 orbem

84 1706 295 1752 publicatur
330 1705 475 1748 diariis,
515 1705 575 1750 qui
612 1705 684 1740 suis
717 1705 821 1740 illam
859 1703 1129 1740 commentariis
1168 1704 1348 1739 adornare
1388 1714 1578 1747 nunquam

85 1763 274 1799 omittunt.
323 1764 412 1799 Cum
440 1765 563 1799 autem
588 1763 789 1799 diariorum
822 1763 969 1798 illorum
1003 1762 1198 1806 scriptores
1230 1760 1442 1797 dialecticae
1477 1762 1579 1795 theo-

84 1822 274 1868 logiaeque
301 1822 511 1867 regularum
536 1823 573 1856 et
597 1821 685 1867 styli
709 1833 856 1866 prorsus
879 1820 1002 1866 ignari
1028 1820 1112 1862 sint,
1138 1819 1224 1854 inde
1241 1820 1284 1854 fit
1300 1822 1342 1854 ut
1367 1818 1578 1854 falsissimos

84 1892 190 1925 saepe
215 1891 338 1916 sensus
364 1879 574 1925 hujusmodi
608 1878 759 1914 decretis
794 1878 1026 1919 adscribant3
1067 1878 1188 1921 sicque
1222 1877 1404 1912 maximae
1435 1878 1578 1921 pertur-

83 1938 249 1974 bationes
273 1938 312 1972 in
338 1937 470 1973 animis
494 1938 596 1979 fiant,
622 1937 812 1981 multique,
839 1937 952 1972 etiam
968 1936 1150 1978 catholici,
1176 1936 1215 1970 in
1231 1936 1301 1971 fide
1317 1934 1481 1981 graviter
1498 1937 1578 1970 ten-

83 1998 220 2032 tentur.
269 1996 346 2031 Hoc
365 1998 461 2031 certe
477 2007 655 2041 magnum
672 1995 902 2040 dispendium
918 1996 984 2037 est,
1009 1995 1116 2038 quod,
1142 1994 1282 2039 partim
1299 1993 1439 2036 saltem,
1465 1991 1578 2028 vitari

82 2056 212 2099 posset,
238 2054 268 2088 si
292 2054 396 2089 nulla
420 2066 584 2098 unquam
615 2054 780 2089 ederetur
812 2065 977 2088 errorum
1002 2052 1275 2094 condemnatio,
1313 2052 1401 2096 quin
1436 2052 1577 2086 clarum

84 2115 122 2148 et
146 2112 383 2157 praefinitum
400 2123 543 2147 sensum
568 2111 767 2147 exhiberet.
815 2112 902 2152 Iino,
930 2111 1129 2146 damnatae
1153 2111 1339 2146 doctrinae
1363 2110 1574 2152 falsitatem,

84 2172 121 2207 et
146 2170 450 2206 contradictoriae
477 2170 640 2205 veritatis
659 2170 808 2212 motiva,
834 2169 959 2215 paucis
977 2169 1106 2211 verbis,
1133 2170 1314 2213 quantum
1338 2167 1419 2204 fieri
1444 2170 1574 2213 posset,

84 2228 224 2264 ostendi
249 2230 496 2273 opportunum
521 2230 622 2263 esset.
671 2228 916 2263 Moderandus
940 2228 1066 2263 forsan
1091 2229 1127 2263 et
1152 2227 1269 2272 stylus
1308 2226 1420 2269 foret,
1461 2227 1576 2262 absti-

83 2286 325 2330 nendumque,
356 2286 413 2321 vel
436 2285 647 2330 parcissime
672 2285 857 2327 utendum,
885 2297 974 2330 erga
999 2286 1182 2326 errantes,
1217 2284 1437 2329 quibusdam
1462 2284 1575 2320 acrio-

83 2343 185 2380 ribus
210 2343 340 2396 verbis,
364 2355 469 2387 quae,
497 2343 582 2378 licet
606 2355 627 2378 a
653 2345 760 2388 parte
784 2343 839 2378 sui
863 2342 957 2378 nihil
993 2343 1278 2379 immoderatum
1303 2343 1483 2384 habeant,
1518 2344 1575 2377 at-

83 2401 195 2437 tentis
219 2403 343 2437 tamen
369 2401 629 2437 hodiernorum
661 2401 849 2436 hominum
883 2401 1198 2446 dispositionibus,
1231 2401 1348 2436 multo
1373 2401 1455 2445 plus
1478 2400 1576 2436 noci-

83 2460 169 2495 tura
196 2471 308 2504 quam
329 2460 525 2504 profutura
548 2459 751 2495 timendum
776 2461 839 2494 est.

89 2553 142 2588 De
180 2552 354 2597 prudenti
389 2552 496 2588 modo
531 2553 735 2597 specialiter
771 2554 949 2589 servando
996 2553 1035 2587 in
1074 2551 1357 2588 condemnandis
1393 2552 1576 2588 modernis

730 2611 924 2648 erroribus.

177 2682 214 2717 Si
241 2681 409 2718 videatur
436 2682 576 2726 aliquos
602 2694 645 2717 ex
669 2682 852 2718 erroribus
878 2682 941 2727 qui
965 2682 1127 2718 moderni
1153 2682 1322 2717 dicantur
1347 2681 1575 2715 damnandos

83 2751 167 2781 esse,
193 2760 236 2765 ———
264 2751 489 2784 quamquam
514 2740 676 2785 ipsorum
701 2751 828 2775 revera
853 2739 945 2775 nulli
969 2739 1136 2775 moderni
1161 2739 1252 2780 sint,
1289 2740 1327 2774 et
1350 2750 1473 2774 omnes
1494 2739 1574 2783 jam

84 2809 148 2842 per
171 2797 354 2843 principia
377 2798 461 2833 fidei
485 2800 522 2834 et
547 2798 726 2833 Ecclesiae
750 2797 976 2834 definitiones
1008 2797 1097 2834 satis
1127 2797 1294 2833 damnati
1326 2796 1504 2840 existant,
1530 2815 1573 2823 —-
