1812 3088
611 93 865 131 Aktenstiicke
890 93 1009 130 X111*.
1484 96 1566 136 303

70 212 210 258 proprii
235 212 434 249 sacerdotis
459 211 643 247 exclusive
668 212 715 247 ad
740 210 864 253 alium,
890 211 933 246 ut
955 209 995 244 in
1019 210 1205 254 posterum
1229 207 1435 255 gravissimi
1460 208 1570 254 hujus

73 274 283 308 contractus
317 273 354 307 et
390 270 606 306 sacramenti
641 269 814 305 validitas
849 280 922 304 non
969 267 1176 312 dependeat
1210 278 1254 301 ex
1290 267 1368 301 tam
1401 265 1570 301 facilibus

71 329 253 365 erroribus
280 329 343 373 qui
369 329 464 365 circa
498 328 725 372 quaestiones
759 326 950 368 domicilii,
985 337 1027 361 ac
1051 326 1311 368 consequenter
1335 323 1429 359 circa
1452 323 1569 367 quali-

70 389 187 423 tatem
214 388 357 433 proprii
383 387 591 429 sacerdotis,
620 385 708 422 oriri
733 387 769 420 et
793 386 986 419 subrenere
1002 384 1175 428 possunt:
1201 382 1297 417 unde
1321 383 1364 417 fit
1386 384 1430 417 ut
1452 381 1571 416 multa

71 445 307 481 matrimonia
322 473 329 487 ,
365 445 476 481 etiam
511 445 549 479 in
575 445 667 480 facie
693 443 872 477 Ecclesiae
897 444 1107 483 contracta,
1145 440 1249 475 nulla
1273 440 1356 475 sint.
1406 439 1570 475 Sufficiat

71 514 158 548 ergo
184 503 337 548 exigere,
365 504 431 538 sub
457 502 596 548 peccati
621 504 658 537 et
675 511 845 536 censurae
863 511 989 544 poena,
1015 511 1088 534 non
1107 501 1228 534 autem
1245 509 1326 532 oum
1343 496 1570 532 matrimonii

70 560 289 603 irritatione,
316 563 358 596 ut
381 561 504 595 nullus
530 560 703 601 sacerdos,
730 559 799 593 nisi
824 558 1010 603 proprius,
1037 558 1102 593 aut
1126 558 1173 593 ab
1197 567 1237 592 eo
1262 556 1461 601 delegatus,
1490 566 1567 590 ma-

67 618 282 654 trimonium
306 620 516 664 praesumat
543 617 737 652 celebrare.

163 677 281 712 Valde
307 676 418 711 etiam
445 676 702 720 opportunum,
730 676 767 709 et
784 674 1013 719 benignitate
1037 672 1216 707 Ecclesiae
1241 671 1388 707 omnino
1412 670 1566 715 dignum

68 745 142 770 esse
169 733 354 770 videretur
368 761 375 771 ,
415 733 523 767 simul
548 734 584 767 et
607 730 722 767 menti
749 731 901 767 Concilii
926 730 1133 766 Tridentini
1166 729 1328 774 apprime
1361 740 1566 771 consonum,

74 793 119 826 ut
144 789 378 826 matrimoni-s.
405 790 687 835 protestantium
720 791 756 824 et
781 788 1092 824 schismaticorum
1123 799 1277 832 quorum
1300 787 1390 821 heu!
1431 785 1486 820 ita
1510 797 1570 820 ex-

75 848 193 884 crevit
217 860 397 889 numerus,
422 848 508 883 huic
532 848 716 883 nullitatis
741 858 878 890 causae,
909 859 1001 891 quae
1025 859 1068 882 ex
1093 846 1351 892 impedimento
1377 843 1569 880 clandesti-

68 906 196 942 nitatis
221 907 386 952 emergit,
417 906 548 941 nullibi
571 906 650 951 jam
675 906 797 941 forent
821 904 990 940 obnoxia.

70 1010 236 1047 Latiores
272 1011 467 1046 facultates
508 1009 717 1054 Episcopis‚
762 1010 809 1044 ad
845 1009 1127 1054 dispensandum
1162 1021 1267 1054 super
1301 1008 1570 1054 impedimentis

555 1067 792 1109 matrimonii,
821 1067 1079 1102 concedendae.

166 1139 379 1174 Latissimae
407 1138 599 1174 facultates
625 1137 671 1172 ad
697 1136 981 1181 dispensandum
1019 1148 1124 1181 super
1150 1136 1418 1181 impedimentis
1442 1136 1569 1171 matri·

68 1197 191 1240 monii,
217 1200 297 1232 tum
324 1198 409 1233 ante
435 1196 726 1238 celebrationem,
753 1197 832 1230 tum
860 1197 953 1240 post,
979 1196 1017 1229 et
1037 1194 1149 1229 etiam
1165 1193 1203 1227 in
1228 1194 1358 1236 radice,
1383 1194 1568 1239 Episcopis

72 1255 241 1291 omnibus
267 1256 532 1290 concedantur:
568 1255 664 1297 quod
689 1265 762 1288 non
787 1265 850 1298 per
874 1252 1020 1288 indulta
1043 1254 1295 1297 temporanea,
1322 1252 1381 1287 sed
1405 1264 1470 1297 per
1493 1264 1568 1287 mo-

71 1314 160 1348 dum
179 1312 275 1358 juris
299 1313 362 1346 fixi
389 1315 425 1347 et
449 1313 696 1357 permanentis
722 1311 808 1354 fieri,
834 1311 992 1356 benigne
1017 1312 1207 1346 concedere
1231 1310 1405 1356 dignetur
1421 1311 1455 1346 S.
1475 1311 1570 1346 Pon-

71 1370 177 1406 tifex.
224 1371 313 1406 Illae
334 1372 457 1405 tamen
472 1372 506 1406 S.
524 1370 691 1406 Pontifici
709 1381 846 1414 semper
863 1371 1064 1404 reservatae
1081 1370 1255 1404 maneant
1272 1368 1567 1413 dispensationes,

74 1439 169 1472 quae
196 1427 341 1463 nonnisi
366 1441 447 1464 raro
472 1431 509 1464 et
532 1430 680 1473 propter
705 1428 889 1473 graviores
915 1439 1040 1462 causas
1065 1426 1144 1462 dari
1169 1427 1286 1462 solent
1303 1427 1339 1471 ¹).

231 1533 526 1578 Dispensationes
550 1533 589 1567 in
615 1544 767 1568 romana
796 1532 897 1567 curia
922 1531 1126 1576 promptius
1148 1531 1403 1576 expediendae.

162 1602 456 1647 Dispensationes
472 1601 700 1637 matrimonii
726 1614 748 1637 a
773 1600 932 1636 romanis
949 1600 1205 1643 tribunalibus,
1231 1613 1341 1644 quam
1358 1600 1565 1646 promptius

66 1660 326 1706 expediantur,
366 1661 420 1696 ita
456 1662 498 1695 ut
523 1660 626 1695 nulla
651 1660 720 1701 sit,
761 1660 897 1695 secluso
933 1658 1192 1693 difficultatum
1227 1657 1436 1701 specialium
1469 1670 1564 1700 casu,

72 1730 176 1762 quae,
203 1720 288 1763 post
311 1719 473 1762 receptas
499 1729 628 1763 preces,
654 1718 755 1752 ultra
779 1719 936 1761 quatuor
960 1717 1016 1751 vel
1041 1716 1201 1759 quinque
1219 1715 1294 1750 dies
1316 1717 1566 1760 protrahatur.

67 1777 200 1812 Nullus
234 1787 318 1812 vero
356 1776 589 1812 vacationum
622 1777 831 1820 praetextus
867 1786 944 1809 rem
975 1776 1050 1809 tam
1086 1774 1276 1818 urgentem
1299 1773 1566 1817 procrastinare

67 1835 200 1878 faciat,
236 1847 277 1871 eo
302 1834 420 1879 magis
445 1836 488 1869 ut
514 1845 636 1869 omnes
668 1835 841 1875 noscunt,
876 1833 973 1876 quod
997 1830 1278 1875 municipiorum
1311 1831 1565 1875 officialitateS,

71 1893 287 1938 recipiendis
312 1892 556 1928 matrimoniis
582 1891 749 1926 civilibus
774 1890 1011 1935 praepositae,
1037 1899 1225 1932 nunquam
1248 1890 1388 1924 vacent.

66 1999 119 2034 De
142 1997 241 2034 feriis
259 1998 317 2033 SS.
331 1996 668 2042 Congregationum
698 1997 734 2031 et
747 1994 1000 2031 Tribunalium
1016 1994 1262 2029 Romanorum
1284 1992 1561 2038 supprimendis,

667 2054 722 2088 vel
748 2051 965 2087 minuendis.

159 2124 297 2160 Mederi
332 2124 505 2169 dignetur
532 2124 565 2158 S.
591 2122 760 2158 Pontifex
799 2121 907 2156 nimis
932 2121 1006 2156 illis
1039 2120 1277 2156 dilationibus
1306 2122 1342 2155 et
1371 2120 1564 2164 procrasti-

66 2182 278 2217 nationibus
303 2195 392 2227 quas
417 2182 558 2227 patitur
580 2209 587 2223 ,
625 2181 663 2214 in
689 2182 855 2215 Romana
894 2179 1014 2222 curia,
1055 2179 1237 2224 expeditio
1273 2178 1504 2223 negotiorum
1529 2180 1565 2213 et

65 2239 280 2284 gratiariun,
306 2240 464 2275 maxime
486 2251 570 2275 vero
588 2237 901 2283 dispensationum
923 2237 1261 2279 matrimonialium,
1287 2236 1383 2271 unde
1401 2235 1565 2279 quotidie

65 2297 282 2342 gravissima
305 2300 342 2333 et
365 2296 618 2341 irseparabilia
642 2296 740 2331 mala
767 2297 970 2340 emergunt.
1009 2295 1145 2337 Quibus
1169 2295 1276 2330 malis
1300 2294 1330 2328 si
1355 2293 1565 2328 occurrendi

65 2355 234 2389 voluntas
259 2354 307 2389 sit
309 2383 325 2406 ⁴³
368 2354 515 2389 omnino
552 2365 690 2389 necesse
727 2352 873 2388 videtur
907 2353 989 2388 illas
1014 2353 1194 2398 longiores
1227 2354 1264 2387 et
1289 2351 1389 2386 ultra
1415 2351 1563 2385 modum

69 2411 333 2457 multiplicatas
361 2412 419 2446 SS.
444 2411 779 2456 Congregationum
807 2423 849 2446 ac
875 2411 1131 2446 Tribunalium
1155 2408 1478 2446 ecclesiasticorum
1495 2409 1564 2443 Ur-

65 2469 120 2504 bis
145 2469 262 2512 ferias,
289 2481 331 2504 ex
359 2472 461 2514 parte
486 2469 679 2514 supprimi,
721 2481 764 2504 ac
790 2470 890 2504 intra
914 2469 1143 2505 brevissimos
1168 2468 1342 2504 terminos
1367 2467 1563 2508 coarctari;

64 2526 293 2562 cautionibus
318 2527 555 2563 nihilominus
589 2526 784 2569 adhibitis,
819 2530 860 2562 ut
892 2527 930 2561 in
957 2527 1111 2572 ipsomet
1136 2526 1366 2563 vacatiarum
1390 2527 1562 2570 tempore,

64 2584 235 2629 urgentia
259 2585 410 2630 negotia
434 2596 572 2630 semper
598 2584 852 2628 expediantur.

162 2701 183 2740 ¹)
214 2705 392 2734 »Ordinarii
417 2707 448 2734 in
475 2706 541 2734 foro
567 2704 780 2734 conscientiae
798 2705 930 2744 possint,
957 2707 1117 2733 annuente
1135 2704 1165 2733 S.
1184 2705 1346 2741 Pontifice,
1374 2705 1559 2743 dispensare

65 2759 158 2790 super
190 2752 424 2790 impedimentis
461 2753 591 2781 occultis
624 2752 655 2780 in
695 2760 792 2781 causa
821 2751 1080 2781 matrimoniali.«
1133 2750 1276 2787 (Postul,
1315 2752 1432 2780 varior.
1457 2751 1562 2790 Episc.

64 2797 97 2826 in
124 2797 240 2827 concil.
267 2796 368 2834 Trid.)
