1812 3088
333 79 533 125 Encyclica
558 78 643 115 Pius
669 79 731 115 IX.
757 90 841 114 vom
867 79 922 114 21.
949 78 1158 114 November
1188 77 1290 114 1873.
1477 84 1554 123 391

64 206 194 241 copos,
234 195 439 231 sacerdotes
476 196 513 230 et
550 195 707 240 populos
746 194 893 229 unitate
930 193 1015 230 fidei
1040 195 1078 230 et
1117 194 1383 230 communionis
1409 207 1491 230 cum
1517 207 1559 231 eo

65 254 280 299 conjunctos
304 253 344 288 in
369 252 552 291 haeresim
578 252 769 294 incidisse,
810 264 921 297 quum
963 252 1193 288 definitiones
1231 253 1442 288 oecumenci
1467 253 1559 289 Gon-

65 311 143 347 cilii
168 311 344 346 Vaticani
369 313 571 347 sanxerunt
597 313 634 346 et
659 311 814 357 professi
849 313 944 346 sunt.
996 311 1206 357 Eapropter
1231 312 1420 358 denegant
1445 311 1559 348 etiam

64 369 432 405 indefectibilitatem
471 370 681 412 Ecclesiae,
719 369 1023 414 blasphemantes
1060 369 1180 414 ipsam
1217 370 1256 404 in
1292 371 1372 405 toto
1407 370 1558 414 periisse

63 427 213 470 mundo,
236 427 468 473 proindeque
495 427 642 464 visibile
670 428 746 473 ejus
767 428 888 473 Caput
913 429 950 462 et
974 427 1174 473 Episcopos
1198 428 1391 464 defecisse:
1418 440 1463 463 ex
1487 440 1559 473 quo

63 486 137 522 sibi
161 486 288 522 ferunt
311 486 571 522 necessitatem
606 486 821 531 impositam
859 485 1019 531 legitimi
1058 485 1291 531 episcopatus
1325 485 1559 521 instaurandi

63 544 103 579 in
127 555 192 579 suo
218 543 568 590 pseudo-episcopo,
614 544 677 588 qui
704 555 777 577 non
803 554 867 588 per
893 543 1027 578 ostium
1068 543 1131 578 sed
1155 543 1307 579 aliunde
1345 544 1557 586 ascendens,

64 602 119 637 uti
144 602 203 637 fur
226 603 265 637 et
288 602 395 644 latro,
422 602 461 636 in
486 614 589 638 suum
615 601 728 647 ipsius
755 602 869 645 caput
896 600 1034 636 Christi
1060 601 1337 637 damnationem
1364 603 1558 638 convertit.

158 660 404 695 Nihilosecius
430 660 597 695 infelices
623 660 711 701 isti,
751 660 815 704 qui
841 659 1048 695 catholicae
1087 659 1278 704 religionis
1314 659 1558 696 fundamenta

64 718 290 760 suffodiunt,
330 718 393 763 qui
419 719 526 753 notas
564 719 640 763 ejus
666 729 791 752 omnes
816 720 854 753 et
879 718 1127 762 proprietates
1155 719 1349 760 evertunt,
1389 719 1453 763 qui
1478 720 1556 754 tam

68 776 190 812 foedos
214 777 253 811 et
278 776 505 822 multiplices
531 776 733 811 commenti
759 777 845 811 sunt
872 787 1031 818 0110105,
1066 787 1128 811 5011
1161 776 1284 821 potius
1321 776 1558 822 depromptos

63 845 83 869 e
110 833 227 869 veteri
256 834 528 869 haereticorum
550 845 650 879 penu
674 835 710 869 et
728 833 837 868 simul
859 834 1033 869 collectos
1058 834 1097 868 in
1123 834 1286 869 medium
1310 834 1556 879 protulerunt,

63 890 215 926 minime
252 892 474 926 erubescunt
513 902 550 926 se
577 891 778 926 catholicos
803 890 942 932 dicere,
978 892 1016 925 et
1051 892 1435 935 veteres-catholicos,
1471 893 1558 928 dum

63 949 244 991 doctrina,
273 949 442 984 novitate
469 950 507 984 et
535 961 687 984 numero
713 960 777 984 suo
802 951 999 993 utramque
1037 961 1059 984 a
1084 961 1121 984 se
1146 950 1342 986 vetustatis
1368 952 1407 985 et
1431 951 1558 986 catho-

62 1007 222 1043 licitatis
247 1008 376 1043 notam
404 1019 515 1052 quam
541 1007 703 1043 maxime
730 1007 959 1052 adjudicant.
1009 1007 1148 1042 Potiori
1182 1009 1283 1043 certe
1312 1008 1394 1053 jure
1428 1009 1559 1044 adver-

64 1076 123 1099 sus
146 1064 237 1100 istos
262 1077 373 1110 quam
400 1064 490 1099 olim
516 1076 580 1110 per
607 1065 861 1110 Augustinum
888 1065 1018 1099 contra
1045 1065 1292 1107 Donatianos,
1320 1065 1468 1112 exurgit
1493 1067 1559 1102 Ec-

64 1122 177 1158 clesia
201 1121 241 1156 in
267 1134 392 1158 omnes
418 1122 551 1157 diffusa
582 1123 733 1167 gentes,
770 1133 881 1166 quam
908 1121 1075 1155 Christus
1099 1121 1214 1157 Filius
1239 1123 1307 1159 Dei
1332 1123 1409 1158 vivi
1434 1123 1560 1158 aedifi-

65 1181 166 1216 cavit
191 1192 301 1225 super
326 1181 492 1225 petram,
527 1180 701 1215 adversus
730 1191 841 1223 quam
868 1181 1000 1224 portae
1027 1180 1135 1214 inferi
1167 1192 1239 1216 non
1266 1181 1559 1226 praevalebunt:

64 1239 102 1274 et
127 1249 286 1283 quacum
311 1238 413 1283 Ipse,
440 1238 500 1272 cui
527 1237 617 1273 data
644 1239 700 1272 est
725 1237 842 1272 omnis
869 1238 1032 1282 potestas
1057 1238 1095 1272 in
1123 1239 1224 1274 caelo
1251 1240 1289 1274 et
1313 1239 1352 1273 in
1377 1240 1498 1281 terra,
1521 1251 1558 1274 se

63 1308 140 1332 esse
165 1297 261 1332 dixit
285 1297 455 1332 omnibus
481 1297 612 1331 diebus
640 1308 752 1340 usque
777 1296 825 1331 ad
865 1297 1218 1331 consummationem
1255 1297 1403 1332 saeculi.
1455 1297 1560 1332 »Cla-

64 1356 144 1390 mat
169 1354 335 1390 Ecclesia
370 1355 418 1389 ad
456 1367 629 1400 sponsum
666 1367 770 1389 suum
807 1355 1017 1390 aeternum:
1056 1355 1146 1399 quid
1172 1357 1244 1396 est,
1279 1356 1377 1400 quod
1416 1354 1559 1390 »nescio

69 1412 154 1456 »qui
181 1413 396 1448 recedentes
421 1425 443 1447 a
469 1425 526 1448 me
551 1414 783 1448 murmurant
809 1414 938 1448 contra
963 1423 1021 1447 me
1035 1414 1052 1448 ¹?
1102 1412 1196 1454 Quid
1222 1414 1278 1448 est
1294 1413 1395 1458 quod
1420 1413 1560 1458 perditi

69 1482 148 1506 »me
174 1470 325 1517 periisse
344 1471 602 1507 contendunt?
629 1471 822 1506 Annuntia
841 1471 933 1504 mihi
949 1470 1192 1516 exiguitatem
1219 1471 1360 1506 dierum
1377 1482 1559 1506 meorum:

68 1529 267 1573 »quamdiu
292 1540 353 1564 ero
380 1528 419 1563 in
433 1529 500 1563 1100
516 1528 688 1563 saeculo?
715 1527 908 1562 Annuntia
927 1528 1019 1562 mihi
1035 1530 1187 1573 propter
1203 1528 1297 1570 illos,
1324 1528 1386 1572 qui
1408 1528 1559 1563 dicunt:

68 1587 161 1622 »fuit
187 1589 224 1623 et
244 1588 324 1633 jam
349 1600 423 1623 non
450 1589 526 1629 est3
553 1588 707 1632 propter
734 1587 828 1628 illos,
855 1587 917 1631 qui
943 1587 1092 1622 dicunt:
1119 1587 1296 1632 impletae
1322 1587 1409 1621 sunt
1445 1587 1558 1632 scrip-

68 1647 206 1687 »turae‚
232 1646 467 1681 crediderunt
494 1657 631 1687 01111105,
658 1646 722 1680 5οᾶ
748 1645 978 1690 apostatavit
1017 1647 1056 1680 et
1080 1645 1192 1691 periit
1216 1645 1378 1680 Ecclesia
1412 1645 1457 1680 de
1483 1657 1559 1680 om-

68 1702 198 1737 »nibus
223 1704 412 1749 gentibus.
459 1703 507 1737 Et
530 1703 782 1744 annuntiavit,
811 1714 879 1738 1100
899 1715 1017 1738 vacua
1042 1703 1113 1737 fuit
1130 1715 1201 1738 vox
1225 1703 1309 1738 ista.
1371 1703 1558 1746 Quomodo

67 1762 359 1797 »annuntiavit‘?
399 1762 494 1796 Ecce
534 1773 603 1807 ego
644 1761 832 1796 vobiscum
870 1773 949 1795 sum
984 1772 1098 1806 usque
1134 1761 1173 1796 in
1204 1761 1559 1797 consummationem

70 1820 240 1855 »saeculi
290 1821 394 1856 Mota
421 1821 572 1856 vocibus
601 1820 731 1854 vestris
756 1821 793 1854 et
819 1819 922 1854 falsis
947 1819 1184 1864 opinionibus
1209 1820 1340 1855 vestris
1366 1820 1512 1865 quaerit
1537 1832 1559 1855 a

70 1879 180 1920 »Deo,
206 1880 248 1914 ut
273 1879 518 1924 exiguitatem
545 1879 688 1913 dierum
714 1889 861 1912 suorum
888 1877 1087 1912 annuntiet
1112 1877 1206 1919 sibi3
1243 1879 1281 1913 et
1305 1877 1460 1919 invenit,
1488 1878 1559 1912 Do-

69 1936 232 1972 »minum
269 1937 423 1971 dixisse:
448 1937 542 1971 Ecce
569 1947 637 1981 ego
663 1935 853 1971 vobiscum
891 1947 966 1969 sum
995 1947 1110 1980 usque
1143 1935 1182 1970 in
1209 1935 1560 1971 consummationem

71 1996 238 2031 »saeculi
288 1996 358 2030 Hic
385 2007 448 2031 vos
475 1995 618 2029 dicitis:
645 1995 697 2029 De
724 1994 829 2029 nobis
857 1994 973 2038 dixit3
1000 2006 1063 2029 nos
1085 2006 1207 2029 sumus
1225 1995 1262 2029 et
1287 1993 1420 2029 erimus
1445 2005 1559 2038 usque

71 2055 131 2089 »in
157 2053 508 2089 consummationem
534 2052 685 2088 saeculi.
734 2053 992 2097 Interrogetur
1029 2052 1106 2097 ipse
1133 2052 1316 2087 Christus:
1342 2053 1389 2086 Et
1413 2051 1560 2097 praedi-

72 2112 248 2153 »cabitun
274 2111 415 2156 inquit,
440 2112 509 2147 hoc
534 2111 778 2156 Evangelium
817 2111 855 2145 in
894 2110 1064 2145 universo
1099 2111 1210 2152 orbe,
1242 2110 1281 2144 in
1306 2109 1560 2146 testimonium

73 2169 264 2205 »omnibus
289 2169 476 2215 gentibus,
504 2170 542 2203 et
566 2171 654 2203 tunc
680 2168 804 2204 veniet
818 2169 911 2203 finis.
960 2169 1056 2214 Ergo
1083 2180 1198 2213 usque
1226 2169 1265 2203 in
1290 2169 1400 2205 finem
1420 2168 1560 2204 saeculi

71 2227 259 2263 »Ecclesia
285 2228 324 2261 in
350 2228 520 2263 omnibus
535 2228 719 2273 gentibus.
770 2228 928 2262 Pei-eant
943 2227 1133 2269 haeretici,
1160 2227 1316 2272 pereant
1338 2226 1438 2272 quod
1462 2227 1558 2267 sunt,

70 2289 130 2322 »et
153 2287 395 2322 inveniantur
420 2288 461 2321 ut
474 2287 548 2321 sint
564 2287 661 2331 quod
687 2297 759 2321 non
779 2287 897 2320 sunt«
913 2286 1082 2331 (August.
1104 2286 1141 2319 in
1157 2284 1291 2319 Psalm.
1306 2285 1383 2319 101.
1400 2285 1558 2319 enarrat.

68 2347 99 2380 2.
127 2358 225 2380 num.
255 2345 301 2392 8.δ
312 2345 361 2390 9.)

163 2405 236 2441 Sed
260 2405 427 2441 homines
452 2403 514 2438 isti
541 2414 607 2448 per
633 2401 845 2447 iniquitatis
871 2403 908 2436 et
934 2401 1156 2446 perditionis
1169 2402 1269 2436 viam
1287 2401 1464 2436 audacius
1477 2411 1560 2446 pro-

70 2464 196 2510 gressi,
223 2463 276 2498 uti
298 2463 398 2508 justo
416 2462 483 2497 Dei
504 2461 644 2506 judicio
671 2460 944 2496 haereticorum
970 2461 1078 2496 sectis
1102 2460 1284 2501 usuvenit,
1313 2459 1558 2495 hierarchiam

70 2532 217 2566 quoque
242 2520 314 2555 sibi
339 2520 478 2564 fingere
496 2519 704 2560 voluerunt,
731 2518 840 2553 sicuti
855 2518 1052 2559 innuimus,
1079 2529 1122 2552 ac
1147 2517 1334 2553 notorium
1360 2518 1560 2562 quemdam

69 2591 92 2614 a
121 2577 309 2614 catholica
333 2578 404 2612 fide
430 2578 640 2622 apostatam
661 2576 861 2620 ι1050111111111
875 2575 1082 2610 Hubertum
1097 2575 1283 2610 Reinkens
1309 2575 1562 2620 pseudo-epis—

71 2649 204 2683 copum
241 2637 311 2671 sibi
339 2636 534 2680 elegerunt
566 2636 603 2669 et
630 2633 925 2675 constituerunt,
965 2635 1078 2678 atque
1112 2635 1152 2667 ut
1186 2633 1280 2667 nihil
1304 2632 1561 2678 impudentiae

73 2696 234 2737 deesset,
276 2706 342 2740 pro
367 2693 644 2730 consecratione
685 2693 762 2738 ejus
799 2693 846 2727 ad
885 2692 968 2727 illos
1004 2691 1248 2736 confugerunt
1273 2690 1562 2735 Ultrajectenses

73 2753 325 2794 Jansenianos,
354 2764 445 2798 quos
471 2752 551 2798 ipsi,
580 2753 781 2796 antequam
809 2751 856 2785 ab
883 2750 1048 2786 Ecclesia
1076 2750 1329 2792 desciscerent,
1355 2749 1560 2785 haereticos

74 2812 111 2846 et
136 2811 387 2847 schismaticos
413 2811 601 2847 ducebant
627 2822 700 2845 una
726 2822 808 2845 cum
834 2810 966 2844 ceteris
981 2808 1183 2845 catholicis.
1232 2807 1411 2853 Josephus
1435 2809 1561 2843 tamen
