1812 3088
196 107 278 149 282
828 101 1051 147 Nachtrsge.

192 222 270 268 ejus
295 221 487 256 immotam
513 219 697 261 hucusque
720 227 936 262 permanere
972 216 1142 252 omnibus
1180 217 1414 263 perspicuum
1451 217 1508 252 est
1526 217 1570 262 1),
1608 227 1698 252 ana-

194 280 318 315 thema
342 279 399 314 sit.

289 339 342 372 10.
369 337 406 371 Si
431 335 513 380 quis
537 333 671 369 dixerit
696 334 844 378 petram
885 345 996 379 supra
1032 345 1143 378 quam
1180 346 1203 369 a
1237 333 1383 370 Christo
1420 333 1614 369 aedificata,
1643 334 1700 370 est

192 395 360 437 Ecclesia,
385 395 424 429 id
449 396 503 430 est
528 391 628 428 Petri
652 403 862 438 supremam
888 391 1152 428 auctoritatem
1175 391 1213 427 in
1243 392 1316 427 suis
1342 391 1606 428 successoribus
1627 391 1698 427 Ro—

192 453 312 489 manis
336 451 575 489 Pontificibus
600 462 742 496 semper
760 450 959 496 vigentem,
984 462 1089 496 posse
1114 451 1151 486 in
1175 451 1414 487 custodiendo
1430 449 1595 496 deposito
1614 447 1699 484 fidei

192 512 362 553 deficere,
402 513 438 547 et
463 511 534 547 toti
558 509 739 545 Ecclesiae
765 520 927 545 errorem
959 511 1153 554 tamquam
1189 510 1325 556 dogma
1359 509 1444 546 fidei
1479 507 1700 544 credendum

194 580 407 616 proponere,
444 569 596 615 perinde
631 581 674 605 ac
699 568 729 604 si
754 569 893 604 frustra
918 568 1084 605 Christus
1109 569 1243 605 dixerit
1272 569 1404 604 »Pasce
1441 579 1556 614 agnos
1589 577 1698 608 meos,

192 641 298 675 pasce
324 640 408 664 oves
441 640 559 670 1neas;
597 628 674 674 Ego
699 627 803 664 oravi
839 639 907 673 pro
944 630 981 664 te
1006 629 1049 663 ut
1082 640 1154 664 non
1180 628 1327 664 deficiat
1349 627 1437 663 fides
1473 627 1557 668 tua;
1596 626 1634 660 et
1657 625 1699 659 tu

193 686 394 731 aliquando
420 698 614 722 conversus
639 687 814 722 confirma
840 686 973 722 fratres
998 687 1115 729 tuos«,
1142 687 1343 722 anathema
1367 685 1426 721 sit.

286 745 424 781 Romae
449 745 503 781 25.
530 744 739 781 Decembris
766 744 868 786 1869,
896 744 938 778 In
965 744 1176 780 Nativitate
1201 744 1360 781 Domini.

894 804 914 844 †
941 803 1068 839 Victor
1096 804 1191 849 Aug.
1218 803 1329 838 Arch.
1355 801 1605 838 Mechliniens.

899 919 997 962 XI*.

291 1006 439 1041 Placeat
462 1004 560 1039 Emis
597 1006 635 1038 et
660 1003 764 1038 Rmis
798 1001 970 1038 Patribus
996 1001 1146 1037 Concilii
1177 1001 1348 1038 Vaticani
1385 1001 1574 1037 declarare
1611 1011 1703 1045 quae

196 1066 418 1109 sequuntur:

293 1124 323 1158 1.
349 1121 464 1158 Civile
487 1121 703 1166 imperium,
740 1132 811 1165 quo
837 1120 968 1156 Pastor
996 1120 1228 1165 Apostohcus
1253 1120 1392 1155 Romae
1414 1117 1556 1164 potitur
1582 1117 1636 1152 ita
1662 1119 1703 1152 ut

202 1181 295 1216 nulli
321 1180 485 1225 Principi
510 1181 672 1215 humano
699 1179 908 1224 subjaceat,
946 1179 993 1214 ad
1018 1179 1174 1213 liberam
1200 1177 1379 1213 Ecclesiae
1404 1175 1614 1212 Catholicae
1640 1176 1703 1210 ad-

198 1239 510 1275 ministrationem
535 1237 823 1283 indispensabile
857 1239 913 1272 est
927 1264 934 1278 ‚
972 1239 1007 1272 et
1033 1236 1202 1272 omnibus
1233 1236 1380 1282 juribus
1415 1235 1571 1276 fultum;
1607 1233 1704 1268 unde

197 1297 306 1342 hujus
331 1297 477 1342 imperii
502 1295 631 1338 laesio,
670 1294 827 1340 direptio
860 1295 925 1330 aut
949 1294 1163 1329 immutatio
1198 1293 1277 1329 sine
1313 1293 1504 1339 sacrilegio
1528 1293 1567 1327 et
1589 1291 1704 1327 latro-

195 1356 290 1391 cinio
314 1354 392 1391 fieri
416 1355 555 1398 nequit,
581 1355 618 1389 et
643 1365 745 1388 reum
770 1364 792 1388 a
818 1352 1072 1388 communione
1097 1352 1277 1388 Ecclesiae
1300 1352 1473 1388 excludit.

290 1414 321 1448 2.
347 1414 464 1459 Reges
503 1411 725 1454 Christiani,
765 1422 838 1446 non
863 1410 984 1445 minus
1009 1422 1122 1454 quam
1159 1422 1287 1446 eorum
1325 1409 1466 1446 subditi
1497 1408 1701 1450 christiani,

195 1472 317 1518 Capiti
341 1471 520 1507 Ecclesiae
558 1471 766 1506 subduntur
803 1471 840 1505 et
865 1469 1112 1505 obedientiam
1145 1469 1279 1505 debent
1313 1469 1354 1504 in
1391 1467 1560 1504 omnibus
1596 1467 1704 1503 rebus

196 1530 456 1567 conscientiam
492 1530 670 1565 moralem
695 1529 859 1574 ipsorum
885 1527 1138 1570 cernentibus,
1176 1540 1266 1574 ergo
1302 1527 1418 1564 etiam
1456 1527 1494 1562 in
1531 1524 1703 1562 exercitio

196 1600 282 1625 suae
306 1588 512 1634 potestatis.

287 1647 426 1682 Romae
451 1645 508 1681 die
532 1647 553 1681 8
579 1646 748 1681 ,Ianuarii
778 1646 877 1681 1870.

676 1751 726 1787 De
752 1752 937 1797 potestate
963 1750 1227 1786 Ecclesiastica.

295 1814 444 1850 Placeat
470 1812 651 1848 Vaticano
677 1811 836 1847 Concilio
862 1810 1101 1847 Oecumenico
1127 1810 1314 1846 declarare
1352 1821 1446 1854 quae
1482 1810 1704 1854 sequuntur:

294 1876 323 1909 1.
349 1872 508 1908 Ecclesia
542 1872 583 1906 ut
608 1870 760 1906 societas
784 1870 948 1916 perfecta
986 1881 1008 1905 a
1033 1869 1179 1905 Christo
1207 1868 1363 1904 Domino
1401 1867 1594 1909 instituta,
1633 1867 1706 1904 Gu-

198 1932 366 1967 bernium
391 1931 505 1966 habet
530 1942 546 1965 a
577 1930 761 1975 potestate
796 1928 896 1964 civili
933 1928 1152 1963 distinctum
1178 1931 1215 1963 et
1250 1927 1517 1974 independens,
1557 1938 1622 1964 nec
1659 1927 1706 1962 ab

196 1991 267 2027 ista
293 1992 437 2037 privari
463 1992 585 2036 potest
611 2001 676 2024 sua
701 1989 869 2035 legitima
896 1989 1076 2024 facultate
1101 1987 1300 2030 existendi,
1328 1985 1482 2032 agendi,
1521 1986 1618 2032 leges
1656 1985 1706 2020 fe-

197 2051 312 2093 rendi,
339 2051 507 2094 bonaque
531 2047 752 2093 temporalia
778 2059 845 2093 pro
869 2047 1036 2093 supernis
1061 2047 1195 2082 finibus
1222 2046 1295 2081 suis
1321 2044 1553 2090 acquirendi,
1591 2044 1706 2091 possi-

198 2109 308 2144 dendi
333 2109 369 2144 et
396 2106 556 2154 gerendi.
606 2106 805 2141 Ecclesiam
843 2107 970 2140 autem
993 2103 1279 2150 possessionibus
1305 2104 1379 2139 suis
1404 2103 1562 2149 spoliare
1597 2102 1707 2138 sacri-

199 2168 336 2214 legium
360 2168 414 2201 est
438 2167 474 2200 et
498 2164 745 2205 latrocinimn,
771 2163 981 2207 ordinisque
1006 2162 1149 2198 socialis
1185 2161 1324 2198 eversio
1339 2191 1346 2204 ‚
1386 2163 1498 2206 atque
1535 2159 1707 2196 maledic-

198 2227 337 2262 tionem
363 2224 528 2260 divinam
554 2222 714 2258 attrahit
738 2222 813 2258 sive
831 2221 1017 2268 guberniis
1044 2221 1119 2257 sive
1137 2221 1294 2266 privatis
1318 2220 1356 2256 id
1374 2218 1705 2256 committentibus.

292 2285 324 2319 2.
354 2284 520 2319 Potestas
547 2280 791 2318 ecclesiastica
817 2281 978 2315 fidelium
1016 2279 1274 2316 conscientiam
1310 2278 1424 2314 etiam
1456 2277 1552 2313 circa
1584 2288 1705 2312 rerum

199 2342 461 2388 temporalium
500 2353 606 2376 usum
632 2340 883 2385 obstringere,
924 2341 960 2374 et
1000 2340 1124 2384 legum
1162 2350 1312 2373 suarum
1349 2337 1544 2373 violatores
1582 2334 1708 2380 poenis

199 2402 313 2437 etiam
348 2399 613 2445 temporalibus
639 2410 798 2435 coercere
823 2401 965 2444 potest,
1011 2398 1148 2441 absque
1183 2395 1412 2441 delegatione
1427 2422 1434 2436 ‚
1471 2393 1707 2439 permissione

201 2462 266 2496 aut
292 2470 467 2496 consensu
491 2457 686 2503 potestatis
710 2456 839 2492 civilis.

298 2521 329 2554 3.
354 2516 513 2554 Ecclesia
534 2517 619 2560 jure
643 2515 768 2552 divino
793 2516 908 2551 talem
927 2515 1141 2550 clericormn
1166 2528 1188 2550 a
1215 2518 1291 2549 soro
1313 2512 1413 2548 civili
1432 2510 1707 2546 immunitatem

306 2625 328 2662 ¹)
355 2628 457 2657 Juxta
485 2627 565 2656 haec
592 2627 736 2664 eJusdem
763 2626 846 2655 Cleri
872 2625 1027 2663 gallicani
1053 2623 1152 2653 verba
1178 2626 1210 2653 in
1236 2623 1378 2652 Comitiis
1405 2622 1480 2652 anni
1510 2621 1612 2650 1626:
1644 2619 1707 2649 »Ils

202 2678 420 2715 respecteront-
446 2674 535 2705 aussi
560 2673 599 2703 N.
626 2673 656 2702 S.
684 2674 719 2702 P.
746 2674 776 2702 le
804 2673 911 2712 Pape,
945 2672 1022 2701 chef
1044 2671 1159 2701 visible
1185 2671 1224 2700 de
1249 2669 1382 2707 l’Eglise
1407 2669 1617 2702 universelle,
1653 2666 1708 2696 Vi-

200 2724 286 2752 caire
313 2723 351 2751 de
379 2722 459 2750 Dieu
486 2730 525 2750 en
550 2722 646 2755 terre,
674 2720 803 2760 Eveque
828 2720 885 2749 des
914 2719 1058 2758 Eveques
1084 2721 1117 2747 et
1134 2717 1350 2752 Patriarches‚
1378 2716 1497 2755 auquel
1521 2714 1708 2753 vapostolat

200 2773 231 2799 et
261 2769 447 2809 l’6pisc0pat
487 2771 541 2798 ont
569 2777 608 2796 eu
633 2768 915 2802 commencement,
955 2768 988 2795 et
1013 2774 1066 2795 sur
1092 2765 1198 2804 lequel
1223 2764 1255 2793 J.
1283 2763 1316 2792 C.
1343 2773 1362 2792 a
1385 2761 1481 2792 fonde
1506 2769 1562 2790 son
1587 2761 1706 2799 Eglise,

201 2825 240 2846 011
265 2817 310 2846 lui
334 2815 472 2844 baillant
513 2816 559 2843 les
597 2814 674 2842 clefs
711 2814 753 2843 du
778 2815 839 2842 ciel
863 2822 941 2842 avec
967 2811 1190 2841 l’infallibilite
1217 2811 1255 2840 de
1282 2811 1312 2839 la
1340 2810 1403 2845 foi,
1444 2816 1504 2848 que
1532 2807 1595 2836 l'on
1621 2817 1639 2836 a
1665 2815 1706 2836 vu

200 2863 365 2892 demeurer
390 2861 561 2891 immuable
589 2869 625 2888 en
653 2869 702 2889 ses
730 2868 929 2889 suceesseurs
951 2859 1059 2899 jusqu·
1086 2857 1324 2896 aujourd‘hui«.
