1812 3088
611 90 688 126 Akt
695 89 869 126 enstiicke
893 90 1009 126 XIII*.
1467 96 1550 137 297

57 231 110 266 De
149 230 271 266 titulis
307 229 427 266 curiae
465 229 653 264 Romanae
689 229 895 265 honorificis
933 242 1006 266 non
1046 230 1270 266 conferendis
1306 230 1553 267 sacerdotibus

194 289 301 324 extra
325 289 479 323 Romam
504 286 740 331 degentibus.
766 287 984 323 inconsultis
1009 288 1170 333 ipsorum
1195 289 1411 324 Ordinariis.

149 369 263 404 Tituli
298 367 486 404 honorifici
529 369 567 403 et
604 367 799 414 privilegia
839 369 1153 412 Camerariorum,
1199 371 1551 414 Protonotariorum,

57 427 370 463 Missionariorum
397 426 698 472 apostolicorum,
729 439 800 462 non
828 429 1073 463 concedantur
1098 429 1322 475 presbyteris
1350 430 1455 464 extra
1480 431 1551 465 Ro-

56 498 156 522 mam
191 485 521 528 commorantibus,
561 485 651 529 quin
687 485 788 530 prius
826 486 982 520 consulti
1019 486 1157 521 fuerint
1191 487 1359 532 Episcopi
1396 499 1551 531 quorum

52 544 148 590 juris
172 545 275 586 sunt;
313 555 358 579 ne
381 543 584 588 periculum
607 543 818 578 incurratur
855 544 1067 588 hujusmodi
1092 546 1244 581 honores
1270 547 1306 581 et
1328 546 1472 582 favores
1495 546 1551 580 in-

59 602 192 647 dignis,
211 614 276 647 per
292 601 554 647 ignorantiam,
574 601 792 642 conferendi,
811 603 847 636 et
865 602 1070 637 molestiam
1087 603 1174 648 ipsis
1191 603 1375 649 Episcopis
1392 603 1551 646 creandi,

59 659 146 695 dum
173 659 374 696 sacerdotes
412 659 545 694 dubiae
580 659 719 700 famae,
758 659 832 694 imo
857 671 945 703 quos
971 661 1170 704 aliquando
1207 662 1394 697 Ordinarii
1428 661 1553 708 poenis

54 719 213 763 plectere
237 717 439 760 debuerint,
465 729 487 752 a
516 719 681 753 Romano
707 718 881 753 Pontifice
907 718 1138 754 honorificari
1164 719 1396 755 videbuntur.

146 776 239 811 Item
275 776 396 810 nullus
432 776 630 821 Episcopus
667 776 885 811 canonicatu
924 777 971 811 ad
995 777 1169 813 honorem
1207 778 1346 813 alienae
1383 777 1552 813 dioecesis

55 834 313 879 presbyterum
338 835 450 876 ornet,
478 834 548 868 nisi
574 834 674 878 prius
700 835 863 869 consulto
889 835 999 879 hujus
1024 835 1229 881 presbyteri
1255 835 1459 872 Ordinario.

56 946 108 981 De
132 945 220 981 viris
243 946 282 980 in
308 958 378 981 sac.
404 946 654 982 Oai-‹linalium
680 946 848 991 collegio,
876 946 1109 991 romanisque
1135 945 1489 992 Congregationibus
1514 946 1552 981 et

549 1005 798 1040 tribunalibus
823 1004 1051 1039 adhibendis

149 1087 192 1121 In
217 1098 319 1122 sacro
343 1086 593 1122 Cardinalium
618 1086 794 1131 Collegio‚
830 1097 896 1121 nec
924 1098 997 1121 non
1022 1086 1060 1120 in
1087 1087 1120 1121 S.
1145 1085 1319 1121 Romanis
1344 1085 1552 1130 Congrega-

58 1143 219 1179 tionibus
243 1146 280 1180 et
303 1144 570 1186 tribunalibus,
608 1145 752 1179 utinam
778 1156 918 1190 semper
944 1144 1190 1186 sociarentur,
1228 1155 1309 1178 cum
1335 1142 1552 1178 doctissimis

57 1201 154 1243 viris,
181 1201 290 1236 multi
313 1202 426 1237 etiam
451 1202 616 1237 homines
639 1202 804 1246 practici,
839 1214 881 1237 ex
906 1202 962 1236 his
987 1201 1124 1236 scilicet
1149 1202 1212 1245 qui
1237 1202 1275 1236 in
1301 1201 1470 1246 gerendis
1496 1199 1550 1234 di-

57 1259 166 1296 versis
190 1259 402 1295 muneribus
426 1259 677 1295 ecclesiasticis
694 1260 832 1294 versati
858 1260 997 1294 fuerint
1023 1261 1059 1293 et
1076 1271 1226 1294 manum
1244 1259 1307 1294 diu
1331 1258 1550 1299 habuerint;

57 1310 181 1363 quales
206 1320 292 1353 sunt
315 1318 504 1363 Episcopi,
544 1330 672 1353 eorum
698 1317 836 1353 Vicarii
869 1318 1056 1363 generales
1081 1320 1118 1353 et
1144 1317 1325 1352 Officiales
1340 1344 1347 1357 ‚
1385 1315 1551 1356 Parochi,

58 1377 228 1412 Rectores
246 1376 421 1412 domuum
437 1376 703 1421 religiosarum,
731 1376 953 1411 Missionarii
968 1376 1006 1410 in
1025 1376 1234 1421 regionibus
1252 1374 1464 1417 infidelium,
1486 1375 1553 1409 etc.

60 1434 169 1469 Haud
192 1435 290 1469 enim
314 1435 459 1470 videtur
495 1446 565 1479 quo
590 1435 733 1471 meliori
758 1436 794 1470 et
819 1434 1012 1470 efficaciori
1048 1435 1154 1470 modo
1180 1434 1226 1468 ad
1252 1433 1470 1477 prudentem
1494 1433 1552 1467 tu-

56 1492 205 1536 tamque
229 1493 491 1529 tractationem
508 1495 544 1528 et
561 1493 777 1528 decisionem
803 1495 858 1529 tot
879 1494 1109 1539 negotiorum
1134 1494 1171 1528 et
1188 1492 1311 1526 litium
1337 1490 1554 1527 ecclesiasti-

48 1554 193 1592 carum,
218 1563 310 1595 quae
334 1552 490 1587 Romam
515 1552 755 1596 undequaque
781 1553 930 1594 afflunt,
967 1551 1148 1596 perveniri
1172 1550 1296 1595 possit,
1322 1549 1392 1584 nisi
1413 1548 1554 1594 junctis

56 1609 165 1645 simul
188 1609 227 1644 in
251 1609 380 1644 iisdem
405 1610 565 1645 conciliis
590 1610 757 1645 doctrina
782 1612 818 1645 et
843 1610 1063 1655 experenffia,
1090 1621 1247 1653 quarum
1269 1619 1344 1643 una
1369 1607 1550 1653 principia

3 1685 6 1687 Α
56 1667 251 1713 proponit,
289 1667 407 1702 altera
431 1667 692 1712 principiorum
729 1667 1013 1712 applicationem
1031 1695 1038 1709 ,
1079 1666 1189 1701 salvis
1225 1666 1312 1710 ipsis
1349 1664 1551 1710 principiis,

56 1728 177 1761 reruni
201 1725 393 1771 exigentiis
417 1727 453 1761 et
477 1725 759 1760 difficultatibus
785 1727 1031 1770 attemperare
1056 1727 1092 1760 et
1118 1723 1311 1760 conciliare
1338 1723 1454 1758 novit.

57 1829 343 1864 Eminentissimi
378 1831 582 1866 cardinales
618 1833 656 1866 et
695 1832 883 1876 praecipui
920 1831 1042 1866 curiae
1078 1831 1266 1866 Romanae
1302 1829 1473 1865 officiales
1509 1840 1552 1863 ex

497 1889 637 1924 cunctis
663 1889 877 1924 nationibus
900 1888 1119 1924 assumendi.

59 1968 372 2005 Eminentissimos
398 1971 623 2013 cardinales,
662 1971 824 2015 itemque
850 1972 907 2006 SS.
934 1971 1270 2016 Congregatiouum
1293 1968 1553 2004 tribunalium-

57 2036 126 2069 que
150 2026 337 2062 Romanae
361 2027 540 2063 Ecclesiae
567 2029 800 2070 consultores,
828 2028 1010 2070 officiales
1033 2028 1184 2074 judices,
1210 2039 1253 2062 ex
1273 2027 1440 2063 omnibus
1467 2039 1552 2073 gen-

56 2083 155 2118 tibus
181 2084 315 2118 assumi
341 2085 488 2120 omnino
513 2086 718 2130 expediret;
758 2087 936 2130 quatenus
963 2086 1033 2129 sic,
1069 2086 1197 2122 melius
1233 2085 1389 2132 cognitis
1413 2087 1451 2121 et
1473 2097 1554 2130 per-

58 2140 189 2184 spectis
214 2141 496 2186 uniuscujusque
520 2143 680 2178 nationis
707 2143 873 2188 iugenio,
900 2144 1077 2186 moribus,
1105 2145 1444 2186 consuetudinibus,
1481 2145 1555 2179 sta-

58 2199 170 2241 tuque
195 2197 294 2233 omni
318 2199 508 2244 religioso,
542 2200 641 2234 civili
666 2203 703 2235 et
727 2200 894 2245 politico,
931 2213 987 2237 res
1011 2203 1090 2236 tam
1116 2203 1301 2247 generales
1324 2214 1437 2246 quam
1467 2213 1554 2246 par-

58 2255 229 2290 ticulares
257 2257 456 2299 Ecclesiae,
485 2259 541 2293 vel
566 2259 818 2301 ecclesiarum,
859 2259 980 2303 aptius
1004 2261 1151 2304 possent
1185 2261 1221 2294 et
1246 2259 1462 2304 prudentius
1488 2271 1554 2305 gu-

59 2313 205 2349 bernari
225 2314 261 2358 ¹).

312 2397 333 2411 «-

156 2429 181 2474 ¹)
207 2434 274 2464 Hoc
297 2435 533 2465 reformationis
563 2438 734 2475 punctum,
768 2438 880 2475 utpote
907 2436 1054 2472 maximi,
1082 2438 1115 2465 et
1141 2435 1368 2465 evidentissimi
1392 2434 1554 2471 momenti,

60 2482 257 2521 propositum
282 2483 440 2521 reperitur
463 2483 495 2511 in
521 2483 667 2512 omnibus
694 2483 864 2522 postulatis
891 2483 1030 2512 Concilio
1051 2483 1190 2512 Trident.
1220 2483 1399 2511 submissis:

155 2527 246 2557 »Sint
272 2528 469 2558 diversarum
494 2530 689 2558 nationum«
742 2528 876 2565 (Postul.
903 2529 1013 2558 Barth.
1042 2539 1060 2558 a
1084 2527 1232 2567 Martyr.)

155 2573 362 2605 »Gardinales
389 2598 396 2604 .
418 2597 424 2603 .
445 2596 451 2603 .
487 2586 525 2605 ex
551 2575 694 2605 omnibus
721 2577 903 2605 nationibus
935 2576 1046 2614 optimi
1071 2577 1188 2616 quique
1216 2576 1377 2612 eligantur
1407 2594 1552 2604 .....

61 2622 93 2649 et
118 2621 281 2650 resideant
306 2623 338 2650 in
364 2622 471 2651 urben<
525 2620 658 2658 (Postul.
683 2623 843 2651 variorum
868 2618 987 2662 Episc.)

161 2666 211 2696 »S.
236 2668 273 2696 R.
300 2669 336 2697 E.
364 2668 547 2697 Oardinales
575 2679 613 2697 ex
639 2669 735 2697 variis
762 2669 938 2708 quibusque
957 2667 1139 2706 regionibus
1169 2670 1199 2696 et
1227 2668 1408 2697 nationibus
1434 2677 1453 2697 a
1474 2669 1555 2697 Pon-

62 2712 146 2741 tifiee
171 2713 370 2751 deligantur,
406 2725 425 2744 a
450 2715 563 2754 quibus
590 2716 657 2754 ipse
684 2716 721 2743 de
747 2716 841 2744 rebus
868 2719 900 2744 et
926 2714 1203 2753 singularitatibus
1231 2715 1480 2754 uniuscujusque
1506 2715 1553 2743 fa-

60 2759 150 2787 cilius
175 2761 431 2801 commodiusque
457 2762 561 2791 doceri
586 2762 686 2800 possit
712 2766 745 2790 et
769 2762 963 2791 informen-L«
1017 2759 1151 2797 (Postul.
1178 2761 1275 2798 Regis
1301 2759 1415 2797 Lusit.)
