1812 3088
239 93 323 134 298
874 87 1098 132 Nachtrage.

516 206 569 240 De
596 203 765 240 Conciliis
790 203 1028 239 oecumenicis
1057 203 1202 249 saepius
1229 203 1467 243 celebrandis.

328 288 416 323 Cum
443 287 483 321 in
507 285 668 322 Concilio
686 284 904 320 Tridentino
929 284 1039 319 multi
1064 285 1170 320 enixe
1187 286 1446 330 postulassent,
1474 287 1635 324 maxime
1657 300 1742 325 vero

235 345 366 381 Italiae
391 345 583 391 Episcopi,
622 345 664 378 ut
689 342 851 379 Concilia
876 343 1108 379 oecumenica
1133 343 1277 388 saepius
1303 344 1480 382 celebrari
1516 345 1690 382 deberent
1702 346 1740 392 ¹),

235 415 273 438 re
299 403 347 438 ad
384 404 418 438 S.
446 402 662 438 Pontificem
696 413 761 446 per
787 402 864 436 RR.
889 401 954 437 CC.
991 402 1148 447 Legatos
1182 402 1327 445 delata,
1364 403 1522 439 libenter
1559 406 1743 441 annuerat

234 461 321 496 Pius
346 462 409 496 IV.
435 463 488 504 ut,
514 461 544 496 si
569 461 624 496 ita
649 460 836 495 videretur
863 459 1055 503 Patribus,
1092 461 1290 496 Decretum
1314 461 1441 497 confici
1463 464 1588 508 posset
1611 463 1656 498 de
1680 475 1742 509 ge-

234 519 421 556 neralibus
438 519 608 555 Conciliis
634 519 789 564 singulis
814 520 859 554 20
878 519 985 555 annis
1011 519 1202 555 habendis.
1252 521 1322 556 Res
1342 521 1468 556 tamen
1484 520 1742 558 deliberationi

234 578 386 614 Concilii
413 591 434 614 a
459 578 609 624 Legatis
634 577 823 623 proposita
848 590 922 613 non
946 578 1029 613 fuit.
1078 578 1293 613 Postulatur
1317 578 1434 624 igitur
1458 580 1501 613 ut
1526 579 1566 614 in
1582 578 1742 616 Concilio

234 636 428 679 Vaticano,
456 637 643 672 annuente
669 637 703 672 S.
729 636 917 672 Pontificis
941 636 998 670 Pii
1022 636 1085 671 IX.
1111 637 1342 683 benignitate
1374 638 1411 673 et
1436 637 1634 683 sapientia,
1673 638 1742 673 De-

235 696 377 730 cretum
403 695 447 731 de
472 706 516 730 ea
542 694 763 741 gravissima
787 707 825 731 re
851 695 1111 730 deliberationi
1138 696 1293 731 Patrum
1318 695 1473 741 proponi
1498 695 1625 740 possit.

551 803 603 838 De
629 801 799 838 Conciliis
824 801 1000 846 plenariis
1024 801 1212 837 interdum
1237 801 1427 836 habendis.

331 884 420 920 Cum
447 885 567 920 multa
594 884 687 926 sint,
725 883 800 919 sive
825 884 872 919 ad
897 883 1157 925 defensionem,
1195 883 1273 918 sive
1297 883 1345 918 ad
1369 882 1576 928 profectum
1611 883 1650 917 et
1684 881 1740 916 in-

233 945 458 979 crementum
484 944 537 980 rei
563 944 789 980 christianae
815 943 1033 989 spectantia,
1061 954 1172 987 quae,
1215 943 1364 987 propter
1388 939 1627 976 identitatem
1663 951 1740 975 mo-

232 1014 324 1045 rum,
367 1003 513 1049 legum,
539 1002 702 1049 ingenii,
729 1003 922 1046 statusque
947 1001 1064 1037 omnis
1089 1003 1171 1036 tum
1195 1000 1360 1046 religiosi
1382 1001 1466 1035 tum
1499 998 1664 1045 politici,
1700 997 1740 1032 in

232 1062 360 1097 eadem
388 1065 496 1108 gente
522 1063 609 1097 sunt
633 1061 842 1098 communia
856 1089 863 1103 ,
902 1060 1056 1105 ideoque
1081 1073 1153 1096 non
1180 1059 1252 1094 nisi
1289 1057 1543 1095 communibus
1581 1056 1741 1093 consiliis

233 1122 271 1155 et
297 1121 489 1156 conatibus
514 1122 716 1166 prudenter
754 1119 909 1154 trectari
945 1121 983 1153 et
1008 1118 1206 1154 efficaciter
1232 1117 1295 1164 agi
1329 1118 1502 1162 possunt;
1540 1115 1648 1151 valde
1684 1114 1740 1150 in-

232 1179 363 1215 teresse
399 1179 586 1215 videretur
622 1180 664 1213 ut
703 1178 878 1224 cujusque
915 1177 1037 1222 gentis
1062 1177 1232 1222 Episcopi
1269 1177 1457 1213 interdum
1493 1175 1530 1210 in
1570 1173 1740 1211 Conciliis

235 1237 409 1280 plenariis
436 1238 768 1283 congregarentur,
804 1236 851 1272 ad
876 1236 1157 1271 deliberandum
1183 1238 1219 1271 et
1245 1236 1484 1272 statuendum
1509 1235 1554 1270 de
1575 1233 1621 1268 iis
1645 1244 1740 1278 quae

233 1295 280 1330 ad
307 1307 532 1331 communem
572 1295 692 1341 gentis
727 1294 928 1330 utilitatem
954 1294 1195 1338 pertinerent.
1258 1294 1335 1330 Hoc
1371 1305 1458 1329 vero
1494 1294 1537 1328 ut
1574 1291 1744 1328 ordinate

231 1365 372 1399 semper
397 1355 509 1397 fieret,
536 1355 572 1389 et
599 1354 674 1389 sine
701 1353 775 1388 ullo
800 1352 1001 1388 catholicae
1026 1352 1185 1388 unitatis
1209 1353 1384 1398 periculo,
1410 1352 1604 1387 habendae
1621 1351 1743 1387 essent

232 1411 378 1456 aliquae
402 1413 563 1458 regulae,
591 1425 612 1448 a
634 1413 718 1458 jure
743 1411 894 1457 positae,
922 1422 1082 1455 quarum
1102 1411 1265 1447 subsidio
1290 1412 1328 1446 et
1352 1410 1571 1447 conveniens
1587 1408 1741 1445 libertas

232 1470 443 1515 hujusmodi
470 1471 713 1507 conventibus
749 1470 1038 1514 relinqueretur,
1076 1471 1113 1505 et
1137 1470 1264 1505 debita
1301 1482 1392 1516 erga
1417 1470 1624 1505 Romanum
1649 1467 1744 1503 Pon-

234 1528 371 1563 tificem
397 1529 642 1574 dependentia
669 1530 881 1566 constanter
906 1529 943 1563 ft
966 1528 1125 1564 fideliter
1150 1529 1373 1564 servaretur.

337 1624 388 1658 De
412 1623 582 1661 Conciliis
607 1622 895 1669 provincialibus
919 1622 1076 1669 singulis
1105 1622 1368 1667 quinquenniis
1392 1621 1632 1658 celebrandis.

324 1706 526 1742 Innovetur
554 1708 590 1741 et
616 1705 820 1743 executioni
837 1706 1034 1741 mandetur
1059 1705 1246 1741 decretum
1273 1704 1426 1741 Concilii
1443 1704 1652 1740 Tridentini
1669 1715 1742 1749 quo

228 1765 455 1811 praecipitur
481 1766 524 1800 ut
543 1764 792 1800 provincialia
817 1764 974 1799 concilia
993 1763 1147 1809 singulis
1172 1763 1344 1798 trienniis
1369 1763 1618 1806 celebrentur;
1643 1764 1741 1808 quod

232 1826 359 1860 tamen
386 1825 434 1860 ad
459 1825 606 1869 singula
633 1823 884 1868 quinquennia
910 1822 1036 1857 reduci
1060 1823 1192 1867 posset.

326 1883 467 1919 Horum
491 1885 617 1919 autem
643 1882 878 1918 conciliorum
920 1883 1067 1917 decreta
1093 1881 1123 1916 si
1149 1892 1290 1917 necesse
1315 1881 1364 1916 sit
1388 1879 1563 1916 revisioni
1589 1880 1622 1916 S.
1650 1879 1742 1915 Con-

232 1941 460 1987 gregationis
487 1941 640 1978 Concilii
665 1941 807 1983 subjici,
835 1942 1039 1985 antequam
1067 1940 1312 1985 publicentur,
1340 1941 1489 1975 saltem:

327 1999 362 2035 1⁰
384 2000 499 2043 Nihil,
526 2000 564 2035 in
589 2000 754 2043 decretis,
781 2000 896 2035 addat
922 2000 956 2035 S.
980 1999 1237 2045 Congregatio,
1264 1999 1362 2043 quod
1386 1999 1434 2033 ab
1458 1997 1547 2043 ipsis
1565 1996 1741 2033 Patribus

230 2057 382 2093 Concilii
407 2061 611 2094 tractatum
636 2061 671 2095 et
697 2061 882 2095 statutum
906 2071 980 2094 non
1004 2059 1134 2101 fueritg

326 2117 361 2150 2⁰
386 2118 510 2153 Liceat
536 2118 905 2163 comprovincialibus
941 2117 1129 2162 Episcopis
1166 2116 1356 2162 publicare
1389 2115 1590 2161 separatim
1621 2115 1741 2151 decre-

230 2177 353 2210 torum
379 2179 526 2221 partem
552 2190 573 2212 a
599 2178 633 2212 S.
659 2176 956 2222 Congregatione
982 2177 1198 2221 probatam;
1239 2175 1363 2220 quoad
1395 2175 1500 2210 illam
1533 2187 1619 2211 vero
1645 2174 1741 2209 circa

232 2245 344 2278 quam
369 2235 705 2271 animadversiones
742 2238 778 2272 et
803 2235 1045 2271 correctiones
1070 2235 1283 2281 propositae
1310 2234 1466 2276 fuerint,
1506 2233 1662 2269 liberum
1693 2232 1740 2267 sit

232 2294 421 2338 praelatis,
448 2296 558 2339 prout
583 2295 713 2330 melius
739 2295 827 2340 ipsis
854 2294 1060 2336 videbitur,
1088 2294 1145 2329 vel
1172 2305 1253 2329 eam
1279 2294 1327 2328 ad
1354 2304 1497 2328 sensum
1523 2292 1556 2327 S.
1582 2291 1740 2337 Congre-

232 2351 394 2397 gationis
420 2355 624 2388 correctam
649 2354 848 2398 publicare,
876 2353 932 2388 vel
959 2365 1040 2388 eam
1067 2352 1216 2388 omnino
1243 2351 1467 2397 supprimere
1481 2351 1521 2396 2).

334 2458 358 2500 ¹)
382 2463 572 2493 »Decretum
587 2463 718 2492 Concilii
732 2462 996 2498 Constantiensis,
1011 2462 1050 2490 de
1061 2461 1202 2491 Concilio
1215 2461 1359 2500 quolibet
1373 2460 1524 2490 decennio
1538 2459 1740 2496 celebrando,

230 2511 480 2540 confirmandum
519 2514 624 2546 esset,
664 2513 695 2540 et
722 2510 902 2540 executioni
928 2509 1175 2538 mandandum«
1228 2509 1397 2545 (Postulat.
1424 2508 1569 2546 Episcop.
1595 2505 1740 2540 Italiae.)

331 2557 392 2586 »Ut
419 2567 457 2587 ea
484 2567 568 2597 quae
595 2560 721 2587 statuta
748 2557 869 2587 fuerint
895 2556 1122 2590 observentur,
1151 2558 1183 2583 et
1208 2565 1291 2595 quae
1313 2555 1386 2592 jure
1412 2556 1481 2594 ipso
1507 2554 1634 2583 sancita
1659 2556 1738 2583 sunt

233 2605 325 2633 firma
351 2608 581 2644 permaneant3
609 2608 774 2634 statuatur
799 2608 843 2639 ut,
874 2604 964 2632 annis
991 2602 1169 2642 quibusque
1196 2603 1310 2640 viginti
1328 2597 1453 2638 saltem,
1480 2601 1632 2638 generale
1659 2600 1739 2629 Con-

230 2651 337 2680 cilium
362 2652 394 2679 in
420 2653 562 2681 Ecclesia
589 2652 779 2687 celebretur,
816 2651 878 2680 nisi
914 2650 1009 2679 aliter
1041 2658 1162 2678 summo
1189 2650 1331 2689 pontifici
1356 2649 1457 2677 visum
1485 2648 1611 2677 fuerit.«
1666 2644 1739 2683 (Po-

230 2700 304 2727 stul.
332 2698 428 2735 Regis
459 2698 616 2735 Lusitan.)

332 2739 358 2782 2)
386 2745 431 2774 Cf.
459 2746 629 2775 Postulata
656 2745 697 2774 ad
724 2745 841 2774 Concil.
869 2744 954 2773 Trid.
979 2743 1158 2784 proposita:

335 2792 495 2821 *concilia
520 2792 751 2832 provincialia,
793 2791 834 2820 ab
861 2791 1045 2830 apostolicis
1072 2789 1219 2818 ordinata
1245 2787 1464 2828 temporibuS,
1503 2788 1535 2816 in
1572 2797 1663 2817 usum
1688 2796 1736 2816 re-

229 2841 412 2868 vocentum
468 2838 603 2875 (Postul.
631 2839 734 2878 Episc.
761 2837 905 2874 Italiae.)
