1812 3088
655 66 907 103 Aktenstiicke
931 66 1048 101 XU'I*·
1517 73 1600 112 295

107 185 228 220 fervor
252 186 358 221 tanto
382 182 567 219 difficilius
592 182 838 228 persisterent,
865 194 937 227 quo
961 182 1115 226 facilius,
1141 182 1180 218 in
1205 183 1509 219 numerosissimis
1534 185 1602 219 hu-

101 242 263 289 jusmodi
288 244 325 278 et
357 243 464 278 valde
499 241 657 277 extensis
681 240 1036 286 Congregationibus
1049 269 1056 283 ,
1095 242 1132 276 et
1154 240 1351 287 vigilantia
1375 241 1603 286 superiorum

104 301 252 336 deficere
277 301 407 345 potest,
434 301 471 334 et
494 311 627 334 nervus
652 299 865 344 disciplinae
891 300 1135 344 languescere.

195 359 279 395 Non
303 370 389 404 ergo
414 359 480 394 fiat
504 357 714 403 hujusmodi
738 357 850 398 fusio;
889 369 1006 401 neque
1041 358 1199 393 severius
1225 369 1342 394 novae
1365 358 1600 395 fundationes

73 421 76 425 ⁴
103 417 353 453 cohibeantur.
402 416 602 451 Admoneri
627 415 787 450 sufficiat
811 415 1005 460 Episcopos
1031 416 1073 450 ut
1096 415 1201 451 novis
1217 416 1495 452 fundationibus
1512 429 1600 462 pru-

103 475 231 510 denter
253 474 459 519 invigilent,
486 485 547 508 eas
572 485 645 508 non
669 472 882 513 concessuri,
911 472 1059 516 quando
1086 472 1144 508 vel
1168 473 1326 515 inutiles,
1353 474 1411 508 vel
1434 484 1496 518 spe
1521 485 1599 508 suc-

102 544 220 568 cessus
244 533 443 568 destitutae
468 531 712 566 videbuntur:
751 531 881 565 curent
906 530 1018 564 etiam
1044 530 1246 566 novitiatus
1283 530 1354 566 rite
1391 531 1537 566 institui
1561 533 1599 567 et

103 590 234 636 clirigi;
262 601 329 626 nec
352 601 524 634 unquam,
556 589 621 623 sub
645 588 773 632 quovis
798 589 1003 633 praetextu,
1041 590 1185 634 tempus
1209 588 1438 633 probationis
1462 589 1598 624 minui:

99 646 190 684 item
215 650 252 684 et
276 647 507 692 disciplinam
531 647 741 692 religiosam
757 647 882 682 sancte
908 645 1062 688 servari;
1089 647 1303 690 abususque,
1331 646 1361 680 si
1386 646 1502 690 aliqui
1519 659 1599 682 sur-

101 705 290 752 repserint,
316 705 422 740 citius
447 704 648 740 reformari.
697 704 795 740 Haec
819 706 944 740 autem
972 706 1015 739 ut
1039 706 1227 749 praestare
1252 704 1393 749 possint
1417 704 1596 750 Episcopi,

102 763 250 799 omnino
275 773 416 798 necesse
440 764 534 797 esset
561 762 732 806 praefata
768 761 942 796 instituta
979 762 1046 796 sub
1087 762 1235 797 illorum
1268 762 1524 808 jurisdictione
1559 763 1596 797 et

101 833 214 857 manu
237 821 412 865 relinqui3
438 821 588 865 ideoque
614 820 726 855 nullis
751 819 1043 864 exemptionibus
1060 820 1296 855 immediatae
1313 820 1596 856 Ordinariorum

100 878 361 924 gubernationi
384 877 464 923 ipsa
489 877 668 912 subtrahi.

711 971 763 1005 De
787 970 978 1014 Capitulis.

194 1042 232 1077 Si
257 1043 300 1077 de
325 1041 505 1086 capitulis,
531 1051 725 1084 eorumque
750 1039 900 1074 statutis
916 1067 923 1081 ,
959 1039 997 1073 in
1033 1039 1192 1075 Concilio
1234 1040 1418 1084 agendum
1456 1040 1592 1082 veniat,

98 1100 154 1135 ita
177 1100 300 1136 omnia
327 1100 592 1143 componantur
618 1099 795 1141 cauteque
819 1100 1120 1142 attemperentur,
1150 1100 1201 1140 ut,
1228 1103 1409 1142 quantum
1434 1098 1513 1134 fieri
1530 1111 1594 1144 po-

99 1158 199 1200 terit,
227 1159 421 1193 arceantur
457 1168 580 1192 omnes
606 1156 808 1192 occasiones
846 1155 1078 1190 conflictuum
1103 1156 1297 1201 Episcopos
1332 1156 1428 1191 inter
1465 1157 1501 1191 et
1527 1157 1593 1193 Ca-

99 1215 237 1261 pitula:
275 1215 322 1250 ad
348 1215 444 1259 quod
472 1215 567 1248 certe
593 1213 751 1248 maxime
777 1213 956 1254 conferet,
983 1213 1013 1247 si
1037 1215 1199 1248 servetur
1224 1214 1422 1249 laudabilis
1453 1226 1530 1250 mos
1555 1214 1594 1249 in

97 1272 264 1309 Ecclesiis
289 1272 424 1307 nostris
450 1284 472 1306 a
496 1271 726 1307 Concordatu
754 1271 840 1305 1801
868 1272 1044 1315 receptus,
1066 1272 1177 1316 juxta
1201 1284 1310 1316 quem
1336 1272 1504 1308 Vicarius
1526 1273 1594 1308 Ge-

97 1332 231 1368 neralis
255 1331 424 1376 Episcopi
451 1331 559 1366 simul
585 1332 639 1366 est
663 1331 827 1365 Decanus
853 1329 1026 1374 Capituli.
1074 1330 1163 1365 Inde
1201 1330 1297 1365 enim
1330 1330 1485 1366 feliciter
1511 1342 1594 1366 con-

97 1390 213 1435 tingit
237 1392 279 1425 ut
303 1391 403 1424 extet
429 1389 614 1423 vinculum
633 1389 818 1432 quoddam
835 1388 1001 1429 unitatis,
1028 1400 1099 1432 quo
1118 1388 1312 1434 Episcopus
1330 1391 1367 1424 et
1382 1389 1594 1434 Capitulum

98 1448 241 1484 facilius
267 1449 303 1483 et
327 1447 433 1491 quasi
457 1447 679 1482 naturaliter
705 1447 752 1481 ad
777 1446 933 1482 invicem
959 1447 1225 1482 connectuntur
1251 1448 1288 1482 et
1313 1446 1565 1481 conciliantur.

95 1550 264 1596 Episcopi
289 1550 577 1595 dispensationes
613 1559 736 1584 omnes
760 1549 952 1584 concedere
976 1549 1134 1594 possint,
1161 1560 1255 1593 quae
1280 1550 1314 1584 S.
1339 1548 1508 1584 Pontifici
1531 1559 1592 1583 ex-

532 1619 652 1652 presse
677 1620 749 1643 non
775 1607 912 1642 fuerint
939 1608 1155 1643 reservatae.

190 1679 279 1714 Cum
304 1679 460 1714 facultas
487 1691 509 1714 a
532 1678 698 1724 positivis
724 1678 884 1724 legibus,
923 1680 1146 1723 prudenter,
1185 1679 1223 1712 in
1260 1678 1402 1714 casibus
1427 1676 1591 1723 particu-

95 1737 235 1773 laribus
257 1737 492 1783 dispensandi
517 1738 564 1773 ad
589 1737 725 1772 bonum
749 1737 913 1782 regimen
939 1737 1147 1772 animarum
1173 1737 1366 1782 pertineat,
1396 1735 1590 1771 necessitas

96 1797 219 1831 autem
245 1795 557 1840 dispensationum
581 1796 635 1831 ita
661 1797 871 1839 frequenter
896 1799 1065 1831 occurrat
1079 1823 1086 1837 ‚
1121 1798 1163 1831 ut
1187 1796 1295 1830 nimis
1320 1796 1514 1830 molestum
1537 1794 1591 1830 fo—

96 1856 174 1898 ret,
214 1855 288 1890 imo
312 1855 482 1890 nocivum
507 1866 632 1898 saepe,
673 1854 701 1889 si
727 1856 774 1889 ad
798 1856 953 1890 Romam
979 1854 1165 1890 ordinario
1200 1854 1462 1889 recurrendum
1498 1855 1590 1889 esset

93 1924 161 1957 pro
186 1913 516 1957 dispensationibus
541 1913 757 1955 obtinendis,
785 1925 904 1948 nonne
930 1913 1145 1948 conveniens
1179 1914 1271 1948 esset
1295 1912 1456 1954 decerni,
1490 1913 1527 1947 et
1550 1912 1590 1945 in

92 1970 153 2016 jus
178 1981 368 2005 commune
393 1969 490 2014 poni,
517 1969 711 2014 Episcopos
737 1969 902 2014 deinceps
928 1970 1222 2015 dispensaturos,
1261 1971 1323 2005 ubi
1356 1971 1506 2005 tantum
1545 1969 1589 2004 dc

96 2027 239 2063 casibus
263 2029 393 2072 agetur
419 2027 726 2073 particularibus,
768 2040 874 2073 super
899 2028 1157 2063 ecclesiasticas
1190 2029 1300 2074 leges,
1339 2027 1408 2062 nisi
1433 2040 1589 2072 quarum

96 2085 402 2131 dispensationem
429 2087 462 2120 S.
488 2086 704 2121 Pontificum
731 2087 927 2131 prudentia
953 2098 1119 2132 expresse
1158 2087 1226 2122 sibi
1264 2087 1442 2122 censuerit
1477 2097 1589 2121 reser-

94 2144 267 2179 vandam.

187 2201 464 2237 Reservationes
501 2204 625 2237 autem
662 2203 977 2247 dispensationum
1015 2203 1048 2238 S.
1083 2203 1252 2239 Pontifici
1295 2204 1414 2239 locum
1454 2203 1589 2238 habere

95 2260 217 2296 forsan
241 2260 422 2295 sufficeret
444 2260 482 2294 in
508 2260 732 2305 gravissimis
752 2261 904 2306 legibus,
934 2273 1041 2305 super
1063 2273 1153 2305 quas
1177 2274 1260 2297 raro
1286 2263 1322 2297 ct
1346 2273 1418 2297 non
1443 2261 1516 2296 nisi
1541 2262 1586 2297 ob

95 2317 281 2364 graviores
308 2329 433 2353 causas
459 2318 661 2363 dispensari
687 2320 787 2354 solet.

292 2375 302 2389 ί

141 2422 401 2468 Episcoporum
427 2423 622 2459 facultates
649 2425 743 2460 circa
771 2436 874 2460 casus
900 2426 1058 2461 occultos
1094 2426 1208 2461 latius
1232 2425 1542 2470 interpretandae.

189 2494 384 2528 Decretum
412 2492 554 2528 concilii
581 2493 804 2535 Tridentini,
832 2495 869 2529 vi
895 2495 997 2540 cujus
1022 2495 1191 2540 Episcopi
1224 2495 1411 2530 absolvere
1435 2495 1590 2539 possunt

95 2562 117 2585 a
143 2550 287 2586 casibus
312 2552 346 2586 S.
372 2551 540 2586 Pontifici
563 2551 765 2594 reservatis,
793 2553 939 2596 quando
965 2553 1050 2587 sunt
1074 2553 1227 2593 occulti,
1264 2552 1355 2588 item
1381 2554 1417 2588 et
1442 2552 1586 2597 dispen—

93 2620 174 2644 sare
197 2608 236 2643 in
259 2609 599 2654 irregularitatibus
624 2621 666 2645 ex
692 2610 833 2651 delicto,
862 2611 891 2645 si
916 2612 1077 2646 occultae
1093 2611 1178 2653 sint,
1205 2611 1407 2656 applicetur
1432 2623 1585 2655 quoque,

95 2668 243 2712 propter
267 2667 465 2712 paritatem
490 2667 697 2709 rationum,
736 2669 783 2703 ad
816 2668 1109 2714 irregularitates
1145 2671 1181 2704 et
1216 2671 1366 2714 peccata
1400 2672 1587 2705 reservata

93 2736 186 2768 quae
223 2726 306 2769 post
331 2725 531 2762 Concilium
557 2727 812 2762 Tridentinum
839 2727 1040 2763 constituta
1072 2728 1242 2769 fuerunt,
1279 2728 1352 2763 imo
1387 2729 1424 2762 et
1460 2728 1506 2762 ad
1542 2738 1585 2763 ea

93 2794 186 2826 quae
210 2783 377 2829 deinceps
403 2784 577 2820 constitui
601 2786 757 2830 possent.
806 2785 947 2822 Motiva
971 2785 1149 2830 siquidem
1185 2786 1276 2832 legis
1301 2785 1538 2822 'hidentinae
1562 2797 1585 2823 a
